;; -*- mode: org; mode: beancount; -*-
;; Birth: 1980-05-12
;; Dates: 2020-01-01 - 2022-01-21
;; THIS FILE HAS BEEN AUTO-GENERATED.
* Options

option "title" "Example Beancount file"
option "operating_currency" "USD"




* Commodities


1792-01-01 commodity USD
  export: "CASH"
  name: "US Dollar"

1900-01-01 commodity VMMXX
  export: "MUTF:VMMXX (MONEY:USD)"

1980-05-12 commodity VACHR
  export: "IGNORE"
  name: "Employer Vacation Hours"

1980-05-12 commodity IRAUSD
  export: "IGNORE"
  name: "US 401k and IRA Contributions"

1995-09-18 commodity VBMPX
  export: "MUTF:VBMPX"
  name: "Vanguard Total Bond Market Index Fund Institutional Plus Shares"
  price: "USD:google/MUTF:VBMPX"

2004-01-20 commodity ITOT
  export: "NYSEARCA:ITOT"
  name: "iShares Core S&P Total U.S. Stock Market ETF"
  price: "USD:google/NYSEARCA:ITOT"

2004-01-26 commodity VHT
  export: "NYSEARCA:VHT"
  name: "Vanguard Health Care ETF"
  price: "USD:google/NYSEARCA:VHT"

2004-11-01 commodity GLD
  export: "NYSEARCA:GLD"
  name: "SPDR Gold Trust (ETF)"
  price: "USD:google/NYSEARCA:GLD"

2007-07-20 commodity VEA
  export: "NYSEARCA:VEA"
  name: "Vanguard FTSE Developed Markets ETF"
  price: "USD:google/NYSEARCA:VEA"

2009-05-01 commodity RGAGX
  export: "MUTF:RGAGX"
  name: "American Funds The Growth Fund of America Class R-6"
  price: "USD:google/MUTF:RGAGX"



* Equity Accounts

1980-05-12 open Equity:Opening-Balances
1980-05-12 open Liabilities:AccountsPayable



* Banking

2020-01-01 open Assets:US:BofA
  address: "123 America Street, LargeTown, USA"
  institution: "Bank of America"
  phone: "+1.012.345.6789"
2020-01-01 open Assets:US:BofA:Checking                        USD
  account: "00234-48574897"

2020-01-01 * "Opening Balance for checking account"
  Assets:US:BofA:Checking                         2845.77 USD
  Equity:Opening-Balances                        -2845.77 USD

2020-01-02 balance Assets:US:BofA:Checking        2845.77 USD

2020-01-04 * "BANK FEES" "Monthly bank fee"
  Assets:US:BofA:Checking                           -4.00 USD
  Expenses:Financial:Fees                            4.00 USD

2020-01-06 * "RiverBank Properties" "Paying the rent"
  Assets:US:BofA:Checking                        -2400.00 USD
  Expenses:Home:Rent                              2400.00 USD

2020-01-09 * "EDISON POWER" ""
  Assets:US:BofA:Checking                          -65.00 USD
  Expenses:Home:Electricity                         65.00 USD

2020-01-19 * "Verizon Wireless" ""
  Assets:US:BofA:Checking                          -60.48 USD
  Expenses:Home:Phone                               60.48 USD

2020-01-21 balance Assets:US:BofA:Checking        2948.43 USD

2020-01-21 * "Wine-Tarner Cable" ""
  Assets:US:BofA:Checking                          -79.95 USD
  Expenses:Home:Internet                            79.95 USD

2020-02-04 * "BANK FEES" "Monthly bank fee"
  Assets:US:BofA:Checking                           -4.00 USD
  Expenses:Financial:Fees                            4.00 USD

2020-02-05 * "RiverBank Properties" "Paying the rent"
  Assets:US:BofA:Checking                        -2400.00 USD
  Expenses:Home:Rent                              2400.00 USD

2020-02-08 * "EDISON POWER" ""
  Assets:US:BofA:Checking                          -65.00 USD
  Expenses:Home:Electricity                         65.00 USD

2020-02-18 balance Assets:US:BofA:Checking        2379.67 USD

2020-02-19 * "Verizon Wireless" ""
  Assets:US:BofA:Checking                          -67.82 USD
  Expenses:Home:Phone                               67.82 USD

2020-02-22 * "Wine-Tarner Cable" ""
  Assets:US:BofA:Checking                          -80.10 USD
  Expenses:Home:Internet                            80.10 USD

2020-03-03 * "RiverBank Properties" "Paying the rent"
  Assets:US:BofA:Checking                        -2400.00 USD
  Expenses:Home:Rent                              2400.00 USD

2020-03-04 * "BANK FEES" "Monthly bank fee"
  Assets:US:BofA:Checking                           -4.00 USD
  Expenses:Financial:Fees                            4.00 USD

2020-03-09 * "EDISON POWER" ""
  Assets:US:BofA:Checking                          -65.00 USD
  Expenses:Home:Electricity                         65.00 USD

2020-03-16 balance Assets:US:BofA:Checking        1878.16 USD

2020-03-19 * "Verizon Wireless" ""
  Assets:US:BofA:Checking                          -70.61 USD
  Expenses:Home:Phone                               70.61 USD

2020-03-22 * "Wine-Tarner Cable" ""
  Assets:US:BofA:Checking                          -79.99 USD
  Expenses:Home:Internet                            79.99 USD

2020-04-04 * "BANK FEES" "Monthly bank fee"
  Assets:US:BofA:Checking                           -4.00 USD
  Expenses:Financial:Fees                            4.00 USD

2020-04-06 * "RiverBank Properties" "Paying the rent"
  Assets:US:BofA:Checking                        -2400.00 USD
  Expenses:Home:Rent                              2400.00 USD

2020-04-08 balance Assets:US:BofA:Checking         141.82 USD

2020-04-08 * "EDISON POWER" ""
  Assets:US:BofA:Checking                          -65.00 USD
  Expenses:Home:Electricity                         65.00 USD

2020-04-19 * "Verizon Wireless" ""
  Assets:US:BofA:Checking                          -67.95 USD
  Expenses:Home:Phone                               67.95 USD

2020-04-21 * "Wine-Tarner Cable" ""
  Assets:US:BofA:Checking                          -79.95 USD
  Expenses:Home:Internet                            79.95 USD

2020-04-29 balance Assets:US:BofA:Checking        2630.12 USD

2020-05-03 * "RiverBank Properties" "Paying the rent"
  Assets:US:BofA:Checking                        -2400.00 USD
  Expenses:Home:Rent                              2400.00 USD

2020-05-04 * "BANK FEES" "Monthly bank fee"
  Assets:US:BofA:Checking                           -4.00 USD
  Expenses:Financial:Fees                            4.00 USD

2020-05-09 * "EDISON POWER" ""
  Assets:US:BofA:Checking                          -65.00 USD
  Expenses:Home:Electricity                         65.00 USD

2020-05-20 * "Verizon Wireless" ""
  Assets:US:BofA:Checking                          -65.01 USD
  Expenses:Home:Phone                               65.01 USD

2020-05-21 balance Assets:US:BofA:Checking         906.44 USD

2020-05-21 * "Wine-Tarner Cable" ""
  Assets:US:BofA:Checking                          -79.93 USD
  Expenses:Home:Internet                            79.93 USD

2020-06-04 * "BANK FEES" "Monthly bank fee"
  Assets:US:BofA:Checking                           -4.00 USD
  Expenses:Financial:Fees                            4.00 USD

2020-06-05 * "RiverBank Properties" "Paying the rent"
  Assets:US:BofA:Checking                        -2400.00 USD
  Expenses:Home:Rent                              2400.00 USD

2020-06-09 * "EDISON POWER" ""
  Assets:US:BofA:Checking                          -65.00 USD
  Expenses:Home:Electricity                         65.00 USD

2020-06-13 balance Assets:US:BofA:Checking         427.79 USD

2020-06-20 * "Verizon Wireless" ""
  Assets:US:BofA:Checking                          -51.32 USD
  Expenses:Home:Phone                               51.32 USD

2020-06-23 * "Wine-Tarner Cable" ""
  Assets:US:BofA:Checking                          -80.15 USD
  Expenses:Home:Internet                            80.15 USD

2020-07-03 balance Assets:US:BofA:Checking        2997.52 USD

2020-07-03 * "RiverBank Properties" "Paying the rent"
  Assets:US:BofA:Checking                        -2400.00 USD
  Expenses:Home:Rent                              2400.00 USD

2020-07-04 * "BANK FEES" "Monthly bank fee"
  Assets:US:BofA:Checking                           -4.00 USD
  Expenses:Financial:Fees                            4.00 USD

2020-07-08 * "EDISON POWER" ""
  Assets:US:BofA:Checking                          -65.00 USD
  Expenses:Home:Electricity                         65.00 USD

2020-07-20 * "Verizon Wireless" ""
  Assets:US:BofA:Checking                          -64.89 USD
  Expenses:Home:Phone                               64.89 USD

2020-07-23 * "Wine-Tarner Cable" ""
  Assets:US:BofA:Checking                          -80.02 USD
  Expenses:Home:Internet                            80.02 USD

2020-08-02 balance Assets:US:BofA:Checking        3256.29 USD

2020-08-03 * "RiverBank Properties" "Paying the rent"
  Assets:US:BofA:Checking                        -2400.00 USD
  Expenses:Home:Rent                              2400.00 USD

2020-08-04 * "BANK FEES" "Monthly bank fee"
  Assets:US:BofA:Checking                           -4.00 USD
  Expenses:Financial:Fees                            4.00 USD

2020-08-08 * "EDISON POWER" ""
  Assets:US:BofA:Checking                          -65.00 USD
  Expenses:Home:Electricity                         65.00 USD

2020-08-19 * "Verizon Wireless" ""
  Assets:US:BofA:Checking                          -57.49 USD
  Expenses:Home:Phone                               57.49 USD

2020-08-22 * "Wine-Tarner Cable" ""
  Assets:US:BofA:Checking                          -80.02 USD
  Expenses:Home:Internet                            80.02 USD

2020-08-30 balance Assets:US:BofA:Checking        5168.35 USD

2020-09-04 * "BANK FEES" "Monthly bank fee"
  Assets:US:BofA:Checking                           -4.00 USD
  Expenses:Financial:Fees                            4.00 USD

2020-09-06 * "RiverBank Properties" "Paying the rent"
  Assets:US:BofA:Checking                        -2400.00 USD
  Expenses:Home:Rent                              2400.00 USD

2020-09-09 * "EDISON POWER" ""
  Assets:US:BofA:Checking                          -65.00 USD
  Expenses:Home:Electricity                         65.00 USD

2020-09-11 * "Transfering accumulated savings to other account"
  Assets:US:BofA:Checking                           -4000 USD
  Assets:US:ETrade:Cash                              4000 USD

2020-09-18 * "Verizon Wireless" ""
  Assets:US:BofA:Checking                          -42.34 USD
  Expenses:Home:Phone                               42.34 USD

2020-09-21 balance Assets:US:BofA:Checking         946.32 USD

2020-09-22 * "Wine-Tarner Cable" ""
  Assets:US:BofA:Checking                          -79.99 USD
  Expenses:Home:Internet                            79.99 USD

2020-10-04 * "BANK FEES" "Monthly bank fee"
  Assets:US:BofA:Checking                           -4.00 USD
  Expenses:Financial:Fees                            4.00 USD

2020-10-04 * "RiverBank Properties" "Paying the rent"
  Assets:US:BofA:Checking                        -2400.00 USD
  Expenses:Home:Rent                              2400.00 USD

2020-10-09 * "EDISON POWER" ""
  Assets:US:BofA:Checking                          -65.00 USD
  Expenses:Home:Electricity                         65.00 USD

2020-10-12 balance Assets:US:BofA:Checking        2884.81 USD

2020-10-20 * "Verizon Wireless" ""
  Assets:US:BofA:Checking                          -66.63 USD
  Expenses:Home:Phone                               66.63 USD

2020-10-23 * "Wine-Tarner Cable" ""
  Assets:US:BofA:Checking                          -80.01 USD
  Expenses:Home:Internet                            80.01 USD

2020-10-23 * "Transfering accumulated savings to other account"
  Assets:US:BofA:Checking                           -4000 USD
  Assets:US:ETrade:Cash                              4000 USD

2020-11-04 * "BANK FEES" "Monthly bank fee"
  Assets:US:BofA:Checking                           -4.00 USD
  Expenses:Financial:Fees                            4.00 USD

2020-11-06 * "RiverBank Properties" "Paying the rent"
  Assets:US:BofA:Checking                        -2400.00 USD
  Expenses:Home:Rent                              2400.00 USD

2020-11-08 * "EDISON POWER" ""
  Assets:US:BofA:Checking                          -65.00 USD
  Expenses:Home:Electricity                         65.00 USD

2020-11-11 balance Assets:US:BofA:Checking         447.78 USD

2020-11-18 * "Verizon Wireless" ""
  Assets:US:BofA:Checking                          -79.97 USD
  Expenses:Home:Phone                               79.97 USD

2020-11-21 * "Wine-Tarner Cable" ""
  Assets:US:BofA:Checking                          -80.00 USD
  Expenses:Home:Internet                            80.00 USD

2020-12-04 balance Assets:US:BofA:Checking        5427.47 USD

2020-12-04 * "BANK FEES" "Monthly bank fee"
  Assets:US:BofA:Checking                           -4.00 USD
  Expenses:Financial:Fees                            4.00 USD

2020-12-06 * "RiverBank Properties" "Paying the rent"
  Assets:US:BofA:Checking                        -2400.00 USD
  Expenses:Home:Rent                              2400.00 USD

2020-12-09 * "EDISON POWER" ""
  Assets:US:BofA:Checking                          -65.00 USD
  Expenses:Home:Electricity                         65.00 USD

2020-12-20 * "Verizon Wireless" ""
  Assets:US:BofA:Checking                          -48.73 USD
  Expenses:Home:Phone                               48.73 USD

2020-12-22 * "Wine-Tarner Cable" ""
  Assets:US:BofA:Checking                          -80.00 USD
  Expenses:Home:Internet                            80.00 USD

2021-01-02 balance Assets:US:BofA:Checking        7951.73 USD

2021-01-03 * "RiverBank Properties" "Paying the rent"
  Assets:US:BofA:Checking                        -2400.00 USD
  Expenses:Home:Rent                              2400.00 USD

2021-01-04 * "BANK FEES" "Monthly bank fee"
  Assets:US:BofA:Checking                           -4.00 USD
  Expenses:Financial:Fees                            4.00 USD

2021-01-09 * "EDISON POWER" ""
  Assets:US:BofA:Checking                          -65.00 USD
  Expenses:Home:Electricity                         65.00 USD

2021-01-20 * "Verizon Wireless" ""
  Assets:US:BofA:Checking                          -58.97 USD
  Expenses:Home:Phone                               58.97 USD

2021-01-21 * "Wine-Tarner Cable" ""
  Assets:US:BofA:Checking                          -79.98 USD
  Expenses:Home:Internet                            79.98 USD

2021-01-29 balance Assets:US:BofA:Checking        7363.56 USD

2021-02-04 * "BANK FEES" "Monthly bank fee"
  Assets:US:BofA:Checking                           -4.00 USD
  Expenses:Financial:Fees                            4.00 USD

2021-02-04 * "RiverBank Properties" "Paying the rent"
  Assets:US:BofA:Checking                        -2400.00 USD
  Expenses:Home:Rent                              2400.00 USD

2021-02-08 * "EDISON POWER" ""
  Assets:US:BofA:Checking                          -65.00 USD
  Expenses:Home:Electricity                         65.00 USD

2021-02-20 * "Verizon Wireless" ""
  Assets:US:BofA:Checking                          -56.58 USD
  Expenses:Home:Phone                               56.58 USD

2021-02-23 * "Wine-Tarner Cable" ""
  Assets:US:BofA:Checking                          -80.09 USD
  Expenses:Home:Internet                            80.09 USD

2021-02-24 balance Assets:US:BofA:Checking        5321.98 USD

2021-03-04 * "BANK FEES" "Monthly bank fee"
  Assets:US:BofA:Checking                           -4.00 USD
  Expenses:Financial:Fees                            4.00 USD

2021-03-04 * "RiverBank Properties" "Paying the rent"
  Assets:US:BofA:Checking                        -2400.00 USD
  Expenses:Home:Rent                              2400.00 USD

2021-03-09 * "EDISON POWER" ""
  Assets:US:BofA:Checking                          -65.00 USD
  Expenses:Home:Electricity                         65.00 USD

2021-03-17 balance Assets:US:BofA:Checking        5116.61 USD

2021-03-20 * "Verizon Wireless" ""
  Assets:US:BofA:Checking                          -65.35 USD
  Expenses:Home:Phone                               65.35 USD

2021-03-22 * "Wine-Tarner Cable" ""
  Assets:US:BofA:Checking                          -79.79 USD
  Expenses:Home:Internet                            79.79 USD

2021-04-03 * "RiverBank Properties" "Paying the rent"
  Assets:US:BofA:Checking                        -2400.00 USD
  Expenses:Home:Rent                              2400.00 USD

2021-04-04 * "BANK FEES" "Monthly bank fee"
  Assets:US:BofA:Checking                           -4.00 USD
  Expenses:Financial:Fees                            4.00 USD

2021-04-09 * "EDISON POWER" ""
  Assets:US:BofA:Checking                          -65.00 USD
  Expenses:Home:Electricity                         65.00 USD

2021-04-14 balance Assets:US:BofA:Checking        3418.67 USD

2021-04-20 * "Verizon Wireless" ""
  Assets:US:BofA:Checking                          -47.23 USD
  Expenses:Home:Phone                               47.23 USD

2021-04-21 * "Wine-Tarner Cable" ""
  Assets:US:BofA:Checking                          -80.16 USD
  Expenses:Home:Internet                            80.16 USD

2021-05-04 * "BANK FEES" "Monthly bank fee"
  Assets:US:BofA:Checking                           -4.00 USD
  Expenses:Financial:Fees                            4.00 USD

2021-05-05 * "RiverBank Properties" "Paying the rent"
  Assets:US:BofA:Checking                        -2400.00 USD
  Expenses:Home:Rent                              2400.00 USD

2021-05-09 * "EDISON POWER" ""
  Assets:US:BofA:Checking                          -65.00 USD
  Expenses:Home:Electricity                         65.00 USD

2021-05-13 balance Assets:US:BofA:Checking        3015.01 USD

2021-05-19 * "Verizon Wireless" ""
  Assets:US:BofA:Checking                          -75.00 USD
  Expenses:Home:Phone                               75.00 USD

2021-05-21 * "Wine-Tarner Cable" ""
  Assets:US:BofA:Checking                          -79.97 USD
  Expenses:Home:Internet                            79.97 USD

2021-06-03 * "RiverBank Properties" "Paying the rent"
  Assets:US:BofA:Checking                        -2400.00 USD
  Expenses:Home:Rent                              2400.00 USD

2021-06-04 * "BANK FEES" "Monthly bank fee"
  Assets:US:BofA:Checking                           -4.00 USD
  Expenses:Financial:Fees                            4.00 USD

2021-06-08 balance Assets:US:BofA:Checking        3157.24 USD

2021-06-09 * "EDISON POWER" ""
  Assets:US:BofA:Checking                          -65.00 USD
  Expenses:Home:Electricity                         65.00 USD

2021-06-19 * "Verizon Wireless" ""
  Assets:US:BofA:Checking                          -56.35 USD
  Expenses:Home:Phone                               56.35 USD

2021-06-21 * "Wine-Tarner Cable" ""
  Assets:US:BofA:Checking                          -80.04 USD
  Expenses:Home:Internet                            80.04 USD

2021-06-28 balance Assets:US:BofA:Checking        3362.04 USD

2021-07-04 * "BANK FEES" "Monthly bank fee"
  Assets:US:BofA:Checking                           -4.00 USD
  Expenses:Financial:Fees                            4.00 USD

2021-07-05 * "RiverBank Properties" "Paying the rent"
  Assets:US:BofA:Checking                        -2400.00 USD
  Expenses:Home:Rent                              2400.00 USD

2021-07-08 * "EDISON POWER" ""
  Assets:US:BofA:Checking                          -65.00 USD
  Expenses:Home:Electricity                         65.00 USD

2021-07-18 * "Verizon Wireless" ""
  Assets:US:BofA:Checking                          -60.13 USD
  Expenses:Home:Phone                               60.13 USD

2021-07-21 * "Wine-Tarner Cable" ""
  Assets:US:BofA:Checking                          -79.93 USD
  Expenses:Home:Internet                            79.93 USD

2021-07-27 balance Assets:US:BofA:Checking        2795.76 USD

2021-08-04 * "BANK FEES" "Monthly bank fee"
  Assets:US:BofA:Checking                           -4.00 USD
  Expenses:Financial:Fees                            4.00 USD

2021-08-06 * "RiverBank Properties" "Paying the rent"
  Assets:US:BofA:Checking                        -2400.00 USD
  Expenses:Home:Rent                              2400.00 USD

2021-08-08 * "EDISON POWER" ""
  Assets:US:BofA:Checking                          -65.00 USD
  Expenses:Home:Electricity                         65.00 USD

2021-08-13 * "Transfering accumulated savings to other account"
  Assets:US:BofA:Checking                           -3000 USD
  Assets:US:ETrade:Cash                              3000 USD

2021-08-18 * "Verizon Wireless" ""
  Assets:US:BofA:Checking                          -49.57 USD
  Expenses:Home:Phone                               49.57 USD

2021-08-22 * "Wine-Tarner Cable" ""
  Assets:US:BofA:Checking                          -80.10 USD
  Expenses:Home:Internet                            80.10 USD

2021-08-25 balance Assets:US:BofA:Checking         308.02 USD

2021-09-04 * "BANK FEES" "Monthly bank fee"
  Assets:US:BofA:Checking                           -4.00 USD
  Expenses:Financial:Fees                            4.00 USD

2021-09-05 * "RiverBank Properties" "Paying the rent"
  Assets:US:BofA:Checking                        -2400.00 USD
  Expenses:Home:Rent                              2400.00 USD

2021-09-08 * "EDISON POWER" ""
  Assets:US:BofA:Checking                          -65.00 USD
  Expenses:Home:Electricity                         65.00 USD

2021-09-20 * "Verizon Wireless" ""
  Assets:US:BofA:Checking                          -68.54 USD
  Expenses:Home:Phone                               68.54 USD

2021-09-22 * "Wine-Tarner Cable" ""
  Assets:US:BofA:Checking                          -80.02 USD
  Expenses:Home:Internet                            80.02 USD

2021-09-24 balance Assets:US:BofA:Checking        4770.03 USD

2021-10-04 * "BANK FEES" "Monthly bank fee"
  Assets:US:BofA:Checking                           -4.00 USD
  Expenses:Financial:Fees                            4.00 USD

2021-10-06 * "RiverBank Properties" "Paying the rent"
  Assets:US:BofA:Checking                        -2400.00 USD
  Expenses:Home:Rent                              2400.00 USD

2021-10-08 * "Transfering accumulated savings to other account"
  Assets:US:BofA:Checking                           -3500 USD
  Assets:US:ETrade:Cash                              3500 USD

2021-10-09 * "EDISON POWER" ""
  Assets:US:BofA:Checking                          -65.00 USD
  Expenses:Home:Electricity                         65.00 USD

2021-10-15 balance Assets:US:BofA:Checking         565.12 USD

2021-10-19 * "Verizon Wireless" ""
  Assets:US:BofA:Checking                          -54.45 USD
  Expenses:Home:Phone                               54.45 USD

2021-10-21 * "Wine-Tarner Cable" ""
  Assets:US:BofA:Checking                          -80.04 USD
  Expenses:Home:Internet                            80.04 USD

2021-11-03 * "RiverBank Properties" "Paying the rent"
  Assets:US:BofA:Checking                        -2400.00 USD
  Expenses:Home:Rent                              2400.00 USD

2021-11-04 * "BANK FEES" "Monthly bank fee"
  Assets:US:BofA:Checking                           -4.00 USD
  Expenses:Financial:Fees                            4.00 USD

2021-11-09 * "EDISON POWER" ""
  Assets:US:BofA:Checking                          -65.00 USD
  Expenses:Home:Electricity                         65.00 USD

2021-11-10 balance Assets:US:BofA:Checking        2652.25 USD

2021-11-18 * "Verizon Wireless" ""
  Assets:US:BofA:Checking                          -57.82 USD
  Expenses:Home:Phone                               57.82 USD

2021-11-19 * "Transfering accumulated savings to other account"
  Assets:US:BofA:Checking                           -4000 USD
  Assets:US:ETrade:Cash                              4000 USD

2021-11-21 * "Wine-Tarner Cable" ""
  Assets:US:BofA:Checking                          -79.94 USD
  Expenses:Home:Internet                            79.94 USD

2021-12-04 * "BANK FEES" "Monthly bank fee"
  Assets:US:BofA:Checking                           -4.00 USD
  Expenses:Financial:Fees                            4.00 USD

2021-12-06 * "RiverBank Properties" "Paying the rent"
  Assets:US:BofA:Checking                        -2400.00 USD
  Expenses:Home:Rent                              2400.00 USD

2021-12-08 balance Assets:US:BofA:Checking        1211.69 USD

2021-12-09 * "EDISON POWER" ""
  Assets:US:BofA:Checking                          -65.00 USD
  Expenses:Home:Electricity                         65.00 USD

2021-12-18 * "Verizon Wireless" ""
  Assets:US:BofA:Checking                          -53.07 USD
  Expenses:Home:Phone                               53.07 USD

2021-12-23 * "Wine-Tarner Cable" ""
  Assets:US:BofA:Checking                          -79.90 USD
  Expenses:Home:Internet                            79.90 USD

2021-12-31 * "Transfering accumulated savings to other account"
  Assets:US:BofA:Checking                           -5000 USD
  Assets:US:ETrade:Cash                              5000 USD

2022-01-01 balance Assets:US:BofA:Checking         689.30 USD

2022-01-04 * "BANK FEES" "Monthly bank fee"
  Assets:US:BofA:Checking                           -4.00 USD
  Expenses:Financial:Fees                            4.00 USD



* Credit-Cards

1980-05-12 open Liabilities:US:Chase:Slate                      USD

2020-01-05 * "Cafe Modagor" "Eating out alone"
  Liabilities:US:Chase:Slate                       -43.03 USD
  Expenses:Food:Restaurant                          43.03 USD

2020-01-08 * "Chase:Slate" "Paying off credit card"
  Liabilities:US:Chase:Slate                        69.06 USD
  Assets:US:BofA:Checking                          -69.06 USD

2020-01-10 * "Chichipotle" "Eating out with Julie"
  Liabilities:US:Chase:Slate                       -26.03 USD
  Expenses:Food:Restaurant                          26.03 USD

2020-01-12 * "Corner Deli" "Buying groceries"
  Liabilities:US:Chase:Slate                       -67.71 USD
  Expenses:Food:Groceries                           67.71 USD

2020-01-15 * "China Garden" "Eating out with work buddies"
  Liabilities:US:Chase:Slate                       -16.54 USD
  Expenses:Food:Restaurant                          16.54 USD

2020-01-18 * "Rose Flower" "Eating out with Joe"
  Liabilities:US:Chase:Slate                       -34.78 USD
  Expenses:Food:Restaurant                          34.78 USD

2020-01-19 * "Kin Soy" "Eating out with Bill"
  Liabilities:US:Chase:Slate                       -32.45 USD
  Expenses:Food:Restaurant                          32.45 USD

2020-01-24 * "Chichipotle" "Eating out after work"
  Liabilities:US:Chase:Slate                       -29.34 USD
  Expenses:Food:Restaurant                          29.34 USD

2020-01-24 * "Onion Market" "Buying groceries"
  Liabilities:US:Chase:Slate                       -82.72 USD
  Expenses:Food:Groceries                           82.72 USD

2020-01-28 balance Liabilities:US:Chase:Slate     -263.54 USD

2020-01-29 * "Chichipotle" "Eating out with Bill"
  Liabilities:US:Chase:Slate                       -28.28 USD
  Expenses:Food:Restaurant                          28.28 USD

2020-01-29 * "Metro Transport Authority" "Tram tickets"
  Liabilities:US:Chase:Slate                      -120.00 USD
  Expenses:Transport:Tram                          120.00 USD

2020-01-31 * "China Garden" "Eating out "
  Liabilities:US:Chase:Slate                       -21.45 USD
  Expenses:Food:Restaurant                          21.45 USD

2020-02-01 * "Farmer Fresh" "Buying groceries"
  Liabilities:US:Chase:Slate                      -100.12 USD
  Expenses:Food:Groceries                          100.12 USD

2020-02-05 * "Goba Goba" "Eating out with Joe"
  Liabilities:US:Chase:Slate                       -26.33 USD
  Expenses:Food:Restaurant                          26.33 USD

2020-02-06 * "Uncle Boons" "Eating out alone"
  Liabilities:US:Chase:Slate                       -46.44 USD
  Expenses:Food:Restaurant                          46.44 USD

2020-02-10 * "Chichipotle" "Eating out after work"
  Liabilities:US:Chase:Slate                       -47.83 USD
  Expenses:Food:Restaurant                          47.83 USD

2020-02-11 * "Farmer Fresh" "Buying groceries"
  Liabilities:US:Chase:Slate                       -67.02 USD
  Expenses:Food:Groceries                           67.02 USD

2020-02-11 * "Chase:Slate" "Paying off credit card"
  Liabilities:US:Chase:Slate                       721.01 USD
  Assets:US:BofA:Checking                         -721.01 USD

2020-02-15 * "Chichipotle" "Eating out with Joe"
  Liabilities:US:Chase:Slate                       -56.30 USD
  Expenses:Food:Restaurant                          56.30 USD

2020-02-18 balance Liabilities:US:Chase:Slate      -56.30 USD

2020-02-19 * "Jewel of Morroco" "Eating out "
  Liabilities:US:Chase:Slate                       -19.03 USD
  Expenses:Food:Restaurant                          19.03 USD

2020-02-23 * "Cafe Modagor" "Eating out with Julie"
  Liabilities:US:Chase:Slate                       -22.63 USD
  Expenses:Food:Restaurant                          22.63 USD

2020-02-26 * "Corner Deli" "Buying groceries"
  Liabilities:US:Chase:Slate                       -59.82 USD
  Expenses:Food:Groceries                           59.82 USD

2020-02-26 * "Metro Transport Authority" "Tram tickets"
  Liabilities:US:Chase:Slate                      -120.00 USD
  Expenses:Transport:Tram                          120.00 USD

2020-02-27 * "Uncle Boons" "Eating out with Bill"
  Liabilities:US:Chase:Slate                       -49.59 USD
  Expenses:Food:Restaurant                          49.59 USD

2020-03-01 * "Rose Flower" "Eating out with Bill"
  Liabilities:US:Chase:Slate                       -51.64 USD
  Expenses:Food:Restaurant                          51.64 USD

2020-03-03 * "Cafe Modagor" "Eating out after work"
  Liabilities:US:Chase:Slate                       -28.72 USD
  Expenses:Food:Restaurant                          28.72 USD

2020-03-07 * "Jewel of Morroco" "Eating out with Julie"
  Liabilities:US:Chase:Slate                       -65.02 USD
  Expenses:Food:Restaurant                          65.02 USD

2020-03-07 * "Good Moods Market" "Buying groceries"
  Liabilities:US:Chase:Slate                       -68.16 USD
  Expenses:Food:Groceries                           68.16 USD

2020-03-09 * "Uncle Boons" "Eating out alone"
  Liabilities:US:Chase:Slate                       -44.88 USD
  Expenses:Food:Restaurant                          44.88 USD

2020-03-09 * "Chase:Slate" "Paying off credit card"
  Liabilities:US:Chase:Slate                       585.79 USD
  Assets:US:BofA:Checking                         -585.79 USD

2020-03-10 balance Liabilities:US:Chase:Slate           0 USD

2020-03-13 * "Cafe Modagor" "Eating out after work"
  Liabilities:US:Chase:Slate                       -27.55 USD
  Expenses:Food:Restaurant                          27.55 USD

2020-03-18 * "Uncle Boons" "Eating out with work buddies"
  Liabilities:US:Chase:Slate                       -58.37 USD
  Expenses:Food:Restaurant                          58.37 USD

2020-03-19 * "Goba Goba" "Eating out with Natasha"
  Liabilities:US:Chase:Slate                       -24.31 USD
  Expenses:Food:Restaurant                          24.31 USD

2020-03-20 * "Goba Goba" "Eating out with Joe"
  Liabilities:US:Chase:Slate                       -18.07 USD
  Expenses:Food:Restaurant                          18.07 USD

2020-03-20 * "Good Moods Market" "Buying groceries"
  Liabilities:US:Chase:Slate                       -66.39 USD
  Expenses:Food:Groceries                           66.39 USD

2020-03-21 * "Cafe Modagor" "Eating out with work buddies"
  Liabilities:US:Chase:Slate                       -26.72 USD
  Expenses:Food:Restaurant                          26.72 USD

2020-03-26 * "Rose Flower" "Eating out after work"
  Liabilities:US:Chase:Slate                       -22.03 USD
  Expenses:Food:Restaurant                          22.03 USD

2020-03-27 * "Metro Transport Authority" "Tram tickets"
  Liabilities:US:Chase:Slate                      -120.00 USD
  Expenses:Transport:Tram                          120.00 USD

2020-03-30 * "Jewel of Morroco" "Eating out with work buddies"
  Liabilities:US:Chase:Slate                       -23.74 USD
  Expenses:Food:Restaurant                          23.74 USD

2020-04-02 balance Liabilities:US:Chase:Slate     -387.18 USD

2020-04-02 * "Kin Soy" "Eating out with Bill"
  Liabilities:US:Chase:Slate                       -42.20 USD
  Expenses:Food:Restaurant                          42.20 USD

2020-04-02 * "Corner Deli" "Buying groceries"
  Liabilities:US:Chase:Slate                       -81.83 USD
  Expenses:Food:Groceries                           81.83 USD

2020-04-07 * "China Garden" "Eating out with Julie"
  Liabilities:US:Chase:Slate                       -21.13 USD
  Expenses:Food:Restaurant                          21.13 USD

2020-04-07 * "Chase:Slate" "Paying off credit card"
  Liabilities:US:Chase:Slate                       532.34 USD
  Assets:US:BofA:Checking                         -532.34 USD

2020-04-09 * "Good Moods Market" "Buying groceries"
  Liabilities:US:Chase:Slate                       -85.82 USD
  Expenses:Food:Groceries                           85.82 USD

2020-04-10 * "Jewel of Morroco" "Eating out after work"
  Liabilities:US:Chase:Slate                       -28.56 USD
  Expenses:Food:Restaurant                          28.56 USD

2020-04-11 * "Uncle Boons" "Eating out with work buddies"
  Liabilities:US:Chase:Slate                       -15.94 USD
  Expenses:Food:Restaurant                          15.94 USD

2020-04-14 * "Cafe Modagor" "Eating out with work buddies"
  Liabilities:US:Chase:Slate                       -26.14 USD
  Expenses:Food:Restaurant                          26.14 USD

2020-04-17 * "Jewel of Morroco" "Eating out with Julie"
  Liabilities:US:Chase:Slate                       -18.75 USD
  Expenses:Food:Restaurant                          18.75 USD

2020-04-22 * "Chichipotle" "Eating out with Bill"
  Liabilities:US:Chase:Slate                       -36.35 USD
  Expenses:Food:Restaurant                          36.35 USD

2020-04-26 * "Metro Transport Authority" "Tram tickets"
  Liabilities:US:Chase:Slate                      -120.00 USD
  Expenses:Transport:Tram                          120.00 USD

2020-04-27 * "Rose Flower" "Eating out alone"
  Liabilities:US:Chase:Slate                       -27.50 USD
  Expenses:Food:Restaurant                          27.50 USD

2020-04-29 * "Onion Market" "Buying groceries"
  Liabilities:US:Chase:Slate                       -51.81 USD
  Expenses:Food:Groceries                           51.81 USD

2020-04-30 balance Liabilities:US:Chase:Slate     -410.87 USD

2020-05-01 * "Rose Flower" "Eating out alone"
  Liabilities:US:Chase:Slate                       -13.71 USD
  Expenses:Food:Restaurant                          13.71 USD

2020-05-04 * "Cafe Modagor" "Eating out alone"
  Liabilities:US:Chase:Slate                       -61.12 USD
  Expenses:Food:Restaurant                          61.12 USD

2020-05-05 * "Cafe Modagor" "Eating out alone"
  Liabilities:US:Chase:Slate                       -11.74 USD
  Expenses:Food:Restaurant                          11.74 USD

2020-05-08 * "Chase:Slate" "Paying off credit card"
  Liabilities:US:Chase:Slate                       540.27 USD
  Assets:US:BofA:Checking                         -540.27 USD

2020-05-09 * "Rose Flower" "Eating out alone"
  Liabilities:US:Chase:Slate                       -42.83 USD
  Expenses:Food:Restaurant                          42.83 USD

2020-05-10 * "Cafe Modagor" "Eating out with Julie"
  Liabilities:US:Chase:Slate                       -23.00 USD
  Expenses:Food:Restaurant                          23.00 USD

2020-05-12 * "Jewel of Morroco" "Eating out alone"
  Liabilities:US:Chase:Slate                       -34.07 USD
  Expenses:Food:Restaurant                          34.07 USD

2020-05-17 * "China Garden" "Eating out alone"
  Liabilities:US:Chase:Slate                       -27.22 USD
  Expenses:Food:Restaurant                          27.22 USD

2020-05-18 * "Corner Deli" "Buying groceries"
  Liabilities:US:Chase:Slate                       -62.96 USD
  Expenses:Food:Groceries                           62.96 USD

2020-05-22 * "Goba Goba" "Eating out after work"
  Liabilities:US:Chase:Slate                       -24.88 USD
  Expenses:Food:Restaurant                          24.88 USD

2020-05-24 * "Kin Soy" "Eating out after work"
  Liabilities:US:Chase:Slate                       -42.62 USD
  Expenses:Food:Restaurant                          42.62 USD

2020-05-25 * "Rose Flower" "Eating out with Natasha"
  Liabilities:US:Chase:Slate                       -19.48 USD
  Expenses:Food:Restaurant                          19.48 USD

2020-05-28 balance Liabilities:US:Chase:Slate     -234.23 USD

2020-05-28 * "Metro Transport Authority" "Tram tickets"
  Liabilities:US:Chase:Slate                      -120.00 USD
  Expenses:Transport:Tram                          120.00 USD

2020-05-30 * "Cafe Modagor" "Eating out after work"
  Liabilities:US:Chase:Slate                       -20.66 USD
  Expenses:Food:Restaurant                          20.66 USD

2020-06-01 * "China Garden" "Eating out with Bill"
  Liabilities:US:Chase:Slate                       -21.10 USD
  Expenses:Food:Restaurant                          21.10 USD

2020-06-02 * "Onion Market" "Buying groceries"
  Liabilities:US:Chase:Slate                       -85.66 USD
  Expenses:Food:Groceries                           85.66 USD

2020-06-03 * "Chichipotle" "Eating out with work buddies"
  Liabilities:US:Chase:Slate                       -34.73 USD
  Expenses:Food:Restaurant                          34.73 USD

2020-06-08 * "Cafe Modagor" "Eating out with Natasha"
  Liabilities:US:Chase:Slate                       -54.00 USD
  Expenses:Food:Restaurant                          54.00 USD

2020-06-09 * "Jewel of Morroco" "Eating out with Bill"
  Liabilities:US:Chase:Slate                       -22.84 USD
  Expenses:Food:Restaurant                          22.84 USD

2020-06-10 * "Cafe Modagor" "Eating out alone"
  Liabilities:US:Chase:Slate                       -37.70 USD
  Expenses:Food:Restaurant                          37.70 USD

2020-06-10 * "Chase:Slate" "Paying off credit card"
  Liabilities:US:Chase:Slate                       630.92 USD
  Assets:US:BofA:Checking                         -630.92 USD

2020-06-11 * "Jewel of Morroco" "Eating out alone"
  Liabilities:US:Chase:Slate                       -28.57 USD
  Expenses:Food:Restaurant                          28.57 USD

2020-06-11 * "Farmer Fresh" "Buying groceries"
  Liabilities:US:Chase:Slate                       -88.77 USD
  Expenses:Food:Groceries                           88.77 USD

2020-06-15 * "Chichipotle" "Eating out "
  Liabilities:US:Chase:Slate                       -37.24 USD
  Expenses:Food:Restaurant                          37.24 USD

2020-06-18 * "Cafe Modagor" "Eating out with Natasha"
  Liabilities:US:Chase:Slate                       -21.68 USD
  Expenses:Food:Restaurant                          21.68 USD

2020-06-19 balance Liabilities:US:Chase:Slate     -176.26 USD

2020-06-21 * "China Garden" "Eating out with Joe"
  Liabilities:US:Chase:Slate                       -32.85 USD
  Expenses:Food:Restaurant                          32.85 USD

2020-06-22 * "Uncle Boons" "Eating out with work buddies"
  Liabilities:US:Chase:Slate                       -34.13 USD
  Expenses:Food:Restaurant                          34.13 USD

2020-06-27 * "Cafe Modagor" "Eating out with Joe"
  Liabilities:US:Chase:Slate                       -33.74 USD
  Expenses:Food:Restaurant                          33.74 USD

2020-06-30 * "Good Moods Market" "Buying groceries"
  Liabilities:US:Chase:Slate                       -64.91 USD
  Expenses:Food:Groceries                           64.91 USD

2020-06-30 * "Metro Transport Authority" "Tram tickets"
  Liabilities:US:Chase:Slate                      -120.00 USD
  Expenses:Transport:Tram                          120.00 USD

2020-07-01 * "China Garden" "Eating out with Natasha"
  Liabilities:US:Chase:Slate                       -22.20 USD
  Expenses:Food:Restaurant                          22.20 USD

2020-07-04 * "Jewel of Morroco" "Eating out with Joe"
  Liabilities:US:Chase:Slate                       -25.77 USD
  Expenses:Food:Restaurant                          25.77 USD

2020-07-08 * "China Garden" "Eating out alone"
  Liabilities:US:Chase:Slate                       -18.66 USD
  Expenses:Food:Restaurant                          18.66 USD

2020-07-08 * "Chase:Slate" "Paying off credit card"
  Liabilities:US:Chase:Slate                       528.52 USD
  Assets:US:BofA:Checking                         -528.52 USD

2020-07-13 * "China Garden" "Eating out with Julie"
  Liabilities:US:Chase:Slate                       -18.96 USD
  Expenses:Food:Restaurant                          18.96 USD

2020-07-14 balance Liabilities:US:Chase:Slate      -18.96 USD

2020-07-18 * "Rose Flower" "Eating out after work"
  Liabilities:US:Chase:Slate                       -40.99 USD
  Expenses:Food:Restaurant                          40.99 USD

2020-07-18 * "Farmer Fresh" "Buying groceries"
  Liabilities:US:Chase:Slate                       -60.78 USD
  Expenses:Food:Groceries                           60.78 USD

2020-07-21 * "Cafe Modagor" "Eating out with Bill"
  Liabilities:US:Chase:Slate                       -28.10 USD
  Expenses:Food:Restaurant                          28.10 USD

2020-07-24 * "Kin Soy" "Eating out with work buddies"
  Liabilities:US:Chase:Slate                       -48.34 USD
  Expenses:Food:Restaurant                          48.34 USD

2020-07-26 * "China Garden" "Eating out with Julie"
  Liabilities:US:Chase:Slate                       -34.50 USD
  Expenses:Food:Restaurant                          34.50 USD

2020-07-29 * "Onion Market" "Buying groceries"
  Liabilities:US:Chase:Slate                       -94.33 USD
  Expenses:Food:Groceries                           94.33 USD

2020-07-31 * "Cafe Modagor" "Eating out with Bill"
  Liabilities:US:Chase:Slate                       -34.42 USD
  Expenses:Food:Restaurant                          34.42 USD

2020-07-31 * "Metro Transport Authority" "Tram tickets"
  Liabilities:US:Chase:Slate                      -120.00 USD
  Expenses:Transport:Tram                          120.00 USD

2020-08-04 * "China Garden" "Eating out with Bill"
  Liabilities:US:Chase:Slate                       -14.21 USD
  Expenses:Food:Restaurant                          14.21 USD

2020-08-05 * "Corner Deli" "Buying groceries"
  Liabilities:US:Chase:Slate                       -51.46 USD
  Expenses:Food:Groceries                           51.46 USD

2020-08-08 * "Chase:Slate" "Paying off credit card"
  Liabilities:US:Chase:Slate                       582.63 USD
  Assets:US:BofA:Checking                         -582.63 USD

2020-08-09 balance Liabilities:US:Chase:Slate       36.54 USD

2020-08-09 * "Rose Flower" "Eating out with work buddies"
  Liabilities:US:Chase:Slate                       -36.54 USD
  Expenses:Food:Restaurant                          36.54 USD

2020-08-13 * "Goba Goba" "Eating out "
  Liabilities:US:Chase:Slate                       -53.68 USD
  Expenses:Food:Restaurant                          53.68 USD

2020-08-14 * "Rose Flower" "Eating out with Joe"
  Liabilities:US:Chase:Slate                       -33.78 USD
  Expenses:Food:Restaurant                          33.78 USD

2020-08-17 * "Farmer Fresh" "Buying groceries"
  Liabilities:US:Chase:Slate                       -92.99 USD
  Expenses:Food:Groceries                           92.99 USD

2020-08-18 * "Chichipotle" "Eating out with Joe"
  Liabilities:US:Chase:Slate                       -26.61 USD
  Expenses:Food:Restaurant                          26.61 USD

2020-08-20 event "location" "New York"

2020-08-21 * "Takahachi" "" #trip-new-york-2020
  Liabilities:US:Chase:Slate                       -42.60 USD
  Expenses:Food:Restaurant                          42.60 USD

2020-08-21 * "La Colombe" "" #trip-new-york-2020
  Liabilities:US:Chase:Slate                        -5.61 USD
  Expenses:Food:Coffee                               5.61 USD

2020-08-22 * "Laut" "" #trip-new-york-2020
  Liabilities:US:Chase:Slate                       -33.03 USD
  Expenses:Food:Restaurant                          33.03 USD

2020-08-22 * "La Colombe" "" #trip-new-york-2020
  Liabilities:US:Chase:Slate                        -6.32 USD
  Expenses:Food:Coffee                               6.32 USD

2020-08-22 * "Gimme! Coffee" "" #trip-new-york-2020
  Liabilities:US:Chase:Slate                        -6.32 USD
  Expenses:Food:Coffee                               6.32 USD

2020-08-23 * "Uncle Boons" "" #trip-new-york-2020
  Liabilities:US:Chase:Slate                       -43.30 USD
  Expenses:Food:Restaurant                          43.30 USD

2020-08-23 * "La Colombe" "" #trip-new-york-2020
  Liabilities:US:Chase:Slate                        -6.41 USD
  Expenses:Food:Coffee                               6.41 USD

2020-08-23 * "Gimme! Coffee" "" #trip-new-york-2020
  Liabilities:US:Chase:Slate                        -8.08 USD
  Expenses:Food:Coffee                               8.08 USD

2020-08-24 * "Cafe Select" "" #trip-new-york-2020
  Liabilities:US:Chase:Slate                       -24.71 USD
  Expenses:Food:Restaurant                          24.71 USD

2020-08-24 * "Takahachi" "" #trip-new-york-2020
  Liabilities:US:Chase:Slate                       -42.15 USD
  Expenses:Food:Restaurant                          42.15 USD

2020-08-24 * "La Colombe" "" #trip-new-york-2020
  Liabilities:US:Chase:Slate                        -6.94 USD
  Expenses:Food:Coffee                               6.94 USD

2020-08-25 * "Uncle Boons" "" #trip-new-york-2020
  Liabilities:US:Chase:Slate                       -32.59 USD
  Expenses:Food:Restaurant                          32.59 USD

2020-08-25 * "Cafe Select" "" #trip-new-york-2020
  Liabilities:US:Chase:Slate                       -28.99 USD
  Expenses:Food:Restaurant                          28.99 USD

2020-08-25 * "La Colombe" "" #trip-new-york-2020
  Liabilities:US:Chase:Slate                        -5.57 USD
  Expenses:Food:Coffee                               5.57 USD

2020-08-25 * "Gimme! Coffee" "" #trip-new-york-2020
  Liabilities:US:Chase:Slate                       -10.12 USD
  Expenses:Food:Coffee                              10.12 USD

2020-08-26 * "Cafe Select" "" #trip-new-york-2020
  Liabilities:US:Chase:Slate                       -35.28 USD
  Expenses:Food:Restaurant                          35.28 USD

2020-08-26 * "Takahachi" "" #trip-new-york-2020
  Liabilities:US:Chase:Slate                       -47.15 USD
  Expenses:Food:Restaurant                          47.15 USD

2020-08-27 * "Laut" "" #trip-new-york-2020
  Liabilities:US:Chase:Slate                       -34.51 USD
  Expenses:Food:Restaurant                          34.51 USD

2020-08-27 * "La Colombe" "" #trip-new-york-2020
  Liabilities:US:Chase:Slate                        -4.75 USD
  Expenses:Food:Coffee                               4.75 USD

2020-08-28 * "Gimme! Coffee" "" #trip-new-york-2020
  Liabilities:US:Chase:Slate                        -6.49 USD
  Expenses:Food:Coffee                               6.49 USD

2020-08-29 * "Takahachi" "" #trip-new-york-2020
  Liabilities:US:Chase:Slate                       -45.26 USD
  Expenses:Food:Restaurant                          45.26 USD

2020-08-29 * "Gimme! Coffee" "" #trip-new-york-2020
  Liabilities:US:Chase:Slate                        -9.68 USD
  Expenses:Food:Coffee                               9.68 USD

2020-08-30 * "Cafe Select" "" #trip-new-york-2020
  Liabilities:US:Chase:Slate                       -36.52 USD
  Expenses:Food:Restaurant                          36.52 USD

2020-08-30 * "Takahachi" "" #trip-new-york-2020
  Liabilities:US:Chase:Slate                       -49.73 USD
  Expenses:Food:Restaurant                          49.73 USD

2020-08-30 * "La Colombe" "" #trip-new-york-2020
  Liabilities:US:Chase:Slate                        -7.42 USD
  Expenses:Food:Coffee                               7.42 USD

2020-08-31 * "Cafe Select" "" #trip-new-york-2020
  Liabilities:US:Chase:Slate                       -32.37 USD
  Expenses:Food:Restaurant                          32.37 USD

2020-08-31 * "Laut" "" #trip-new-york-2020
  Liabilities:US:Chase:Slate                       -32.10 USD
  Expenses:Food:Restaurant                          32.10 USD

2020-09-01 * "Takahachi" "" #trip-new-york-2020
  Liabilities:US:Chase:Slate                       -51.47 USD
  Expenses:Food:Restaurant                          51.47 USD

2020-09-01 * "La Colombe" "" #trip-new-york-2020
  Liabilities:US:Chase:Slate                        -5.02 USD
  Expenses:Food:Coffee                               5.02 USD

2020-09-01 * "Gimme! Coffee" "" #trip-new-york-2020
  Liabilities:US:Chase:Slate                        -9.03 USD
  Expenses:Food:Coffee                               9.03 USD

2020-09-02 * "Laut" "" #trip-new-york-2020
  Liabilities:US:Chase:Slate                       -39.20 USD
  Expenses:Food:Restaurant                          39.20 USD

2020-09-03 * "Uncle Boons" "" #trip-new-york-2020
  Liabilities:US:Chase:Slate                       -47.31 USD
  Expenses:Food:Restaurant                          47.31 USD

2020-09-03 * "Cafe Select" "" #trip-new-york-2020
  Liabilities:US:Chase:Slate                       -36.65 USD
  Expenses:Food:Restaurant                          36.65 USD

2020-09-04 balance Liabilities:US:Chase:Slate    -1039.74 USD

2020-09-04 * "Takahachi" "" #trip-new-york-2020
  Liabilities:US:Chase:Slate                       -54.47 USD
  Expenses:Food:Restaurant                          54.47 USD

2020-09-05 * "Uncle Boons" "" #trip-new-york-2020
  Liabilities:US:Chase:Slate                       -47.45 USD
  Expenses:Food:Restaurant                          47.45 USD

2020-09-05 * "Gimme! Coffee" "" #trip-new-york-2020
  Liabilities:US:Chase:Slate                        -7.19 USD
  Expenses:Food:Coffee                               7.19 USD

2020-09-05 * "Consume vacation days"
  Assets:US:Babble:Vacation                          -128 VACHR
  Expenses:Vacation                                   128 VACHR

2020-09-05 event "location" "New Metropolis"

2020-09-08 * "Chichipotle" "Eating out with Joe"
  Liabilities:US:Chase:Slate                       -24.56 USD
  Expenses:Food:Restaurant                          24.56 USD

2020-09-10 * "Chase:Slate" "Paying off credit card"
  Liabilities:US:Chase:Slate                       261.29 USD
  Assets:US:BofA:Checking                         -261.29 USD

2020-09-11 * "Kin Soy" "Eating out with work buddies"
  Liabilities:US:Chase:Slate                       -29.67 USD
  Expenses:Food:Restaurant                          29.67 USD

2020-09-14 * "Corner Deli" "Buying groceries"
  Liabilities:US:Chase:Slate                       -66.70 USD
  Expenses:Food:Groceries                           66.70 USD

2020-09-16 * "Goba Goba" "Eating out with Joe"
  Liabilities:US:Chase:Slate                       -32.45 USD
  Expenses:Food:Restaurant                          32.45 USD

2020-09-19 * "Cafe Modagor" "Eating out with work buddies"
  Liabilities:US:Chase:Slate                       -46.27 USD
  Expenses:Food:Restaurant                          46.27 USD

2020-09-24 * "Uncle Boons" "Eating out with Julie"
  Liabilities:US:Chase:Slate                       -38.85 USD
  Expenses:Food:Restaurant                          38.85 USD

2020-09-25 * "Uncle Boons" "Eating out with Bill"
  Liabilities:US:Chase:Slate                       -29.67 USD
  Expenses:Food:Restaurant                          29.67 USD

2020-09-28 * "Uncle Boons" "Eating out with Natasha"
  Liabilities:US:Chase:Slate                       -47.15 USD
  Expenses:Food:Restaurant                          47.15 USD

2020-09-29 * "Kin Soy" "Eating out "
  Liabilities:US:Chase:Slate                       -37.84 USD
  Expenses:Food:Restaurant                          37.84 USD

2020-09-30 * "Farmer Fresh" "Buying groceries"
  Liabilities:US:Chase:Slate                       -37.60 USD
  Expenses:Food:Groceries                           37.60 USD

2020-10-01 * "Kin Soy" "Eating out with Joe"
  Liabilities:US:Chase:Slate                       -39.28 USD
  Expenses:Food:Restaurant                          39.28 USD

2020-10-03 * "Goba Goba" "Eating out with work buddies"
  Liabilities:US:Chase:Slate                       -53.58 USD
  Expenses:Food:Restaurant                          53.58 USD

2020-10-04 balance Liabilities:US:Chase:Slate    -1371.18 USD

2020-10-04 * "Cafe Modagor" "Eating out alone"
  Liabilities:US:Chase:Slate                       -37.12 USD
  Expenses:Food:Restaurant                          37.12 USD

2020-10-05 * "Metro Transport Authority" "Tram tickets"
  Liabilities:US:Chase:Slate                      -120.00 USD
  Expenses:Transport:Tram                          120.00 USD

2020-10-07 * "Cafe Modagor" "Eating out with Bill"
  Liabilities:US:Chase:Slate                       -27.21 USD
  Expenses:Food:Restaurant                          27.21 USD

2020-10-07 * "Chase:Slate" "Paying off credit card"
  Liabilities:US:Chase:Slate                       613.72 USD
  Assets:US:BofA:Checking                         -613.72 USD

2020-10-09 * "Jewel of Morroco" "Eating out with Natasha"
  Liabilities:US:Chase:Slate                       -18.54 USD
  Expenses:Food:Restaurant                          18.54 USD

2020-10-09 * "Farmer Fresh" "Buying groceries"
  Liabilities:US:Chase:Slate                      -103.54 USD
  Expenses:Food:Groceries                          103.54 USD

2020-10-14 * "Kin Soy" "Eating out with Joe"
  Liabilities:US:Chase:Slate                       -38.92 USD
  Expenses:Food:Restaurant                          38.92 USD

2020-10-16 * "Cafe Modagor" "Eating out with Bill"
  Liabilities:US:Chase:Slate                       -19.78 USD
  Expenses:Food:Restaurant                          19.78 USD

2020-10-17 * "Corner Deli" "Buying groceries"
  Liabilities:US:Chase:Slate                       -50.55 USD
  Expenses:Food:Groceries                           50.55 USD

2020-10-20 * "Goba Goba" "Eating out with Joe"
  Liabilities:US:Chase:Slate                       -25.25 USD
  Expenses:Food:Restaurant                          25.25 USD

2020-10-23 * "Cafe Modagor" "Eating out with work buddies"
  Liabilities:US:Chase:Slate                       -91.72 USD
  Expenses:Food:Restaurant                          91.72 USD

2020-10-24 balance Liabilities:US:Chase:Slate    -1290.09 USD

2020-10-27 * "Rose Flower" "Eating out "
  Liabilities:US:Chase:Slate                       -47.49 USD
  Expenses:Food:Restaurant                          47.49 USD

2020-10-28 * "Good Moods Market" "Buying groceries"
  Liabilities:US:Chase:Slate                      -109.61 USD
  Expenses:Food:Groceries                          109.61 USD

2020-11-01 * "Goba Goba" "Eating out after work"
  Liabilities:US:Chase:Slate                       -72.24 USD
  Expenses:Food:Restaurant                          72.24 USD

2020-11-05 * "China Garden" "Eating out "
  Liabilities:US:Chase:Slate                       -52.32 USD
  Expenses:Food:Restaurant                          52.32 USD

2020-11-05 * "Onion Market" "Buying groceries"
  Liabilities:US:Chase:Slate                       -93.16 USD
  Expenses:Food:Groceries                           93.16 USD

2020-11-07 * "Chichipotle" "Eating out with Joe"
  Liabilities:US:Chase:Slate                       -57.81 USD
  Expenses:Food:Restaurant                          57.81 USD

2020-11-07 * "Metro Transport Authority" "Tram tickets"
  Liabilities:US:Chase:Slate                      -120.00 USD
  Expenses:Transport:Tram                          120.00 USD

2020-11-08 * "Chase:Slate" "Paying off credit card"
  Liabilities:US:Chase:Slate                       922.59 USD
  Assets:US:BofA:Checking                         -922.59 USD

2020-11-11 * "Goba Goba" "Eating out with Julie"
  Liabilities:US:Chase:Slate                       -21.66 USD
  Expenses:Food:Restaurant                          21.66 USD

2020-11-14 * "China Garden" "Eating out with work buddies"
  Liabilities:US:Chase:Slate                       -29.25 USD
  Expenses:Food:Restaurant                          29.25 USD

2020-11-15 * "Chichipotle" "Eating out alone"
  Liabilities:US:Chase:Slate                       -49.78 USD
  Expenses:Food:Restaurant                          49.78 USD

2020-11-18 * "Farmer Fresh" "Buying groceries"
  Liabilities:US:Chase:Slate                       -86.13 USD
  Expenses:Food:Groceries                           86.13 USD

2020-11-19 balance Liabilities:US:Chase:Slate    -1106.95 USD

2020-11-19 * "Chichipotle" "Eating out with Natasha"
  Liabilities:US:Chase:Slate                       -26.02 USD
  Expenses:Food:Restaurant                          26.02 USD

2020-11-23 * "Uncle Boons" "Eating out with Julie"
  Liabilities:US:Chase:Slate                       -18.33 USD
  Expenses:Food:Restaurant                          18.33 USD

2020-11-23 * "Good Moods Market" "Buying groceries"
  Liabilities:US:Chase:Slate                       -64.49 USD
  Expenses:Food:Groceries                           64.49 USD

2020-11-28 * "Kin Soy" "Eating out "
  Liabilities:US:Chase:Slate                       -15.00 USD
  Expenses:Food:Restaurant                          15.00 USD

2020-11-29 * "China Garden" "Eating out with work buddies"
  Liabilities:US:Chase:Slate                       -18.91 USD
  Expenses:Food:Restaurant                          18.91 USD

2020-11-30 * "Uncle Boons" "Eating out with Natasha"
  Liabilities:US:Chase:Slate                       -16.36 USD
  Expenses:Food:Restaurant                          16.36 USD

2020-12-04 * "Good Moods Market" "Buying groceries"
  Liabilities:US:Chase:Slate                       -84.31 USD
  Expenses:Food:Groceries                           84.31 USD

2020-12-05 * "Chichipotle" "Eating out with Julie"
  Liabilities:US:Chase:Slate                       -13.11 USD
  Expenses:Food:Restaurant                          13.11 USD

2020-12-06 * "Goba Goba" "Eating out with Bill"
  Liabilities:US:Chase:Slate                       -68.23 USD
  Expenses:Food:Restaurant                          68.23 USD

2020-12-07 * "Chase:Slate" "Paying off credit card"
  Liabilities:US:Chase:Slate                       542.29 USD
  Assets:US:BofA:Checking                         -542.29 USD

2020-12-09 * "Kin Soy" "Eating out after work"
  Liabilities:US:Chase:Slate                       -52.37 USD
  Expenses:Food:Restaurant                          52.37 USD

2020-12-10 * "Metro Transport Authority" "Tram tickets"
  Liabilities:US:Chase:Slate                      -120.00 USD
  Expenses:Transport:Tram                          120.00 USD

2020-12-11 * "Chichipotle" "Eating out with Natasha"
  Liabilities:US:Chase:Slate                       -36.37 USD
  Expenses:Food:Restaurant                          36.37 USD

2020-12-12 balance Liabilities:US:Chase:Slate    -1098.16 USD

2020-12-13 * "Kin Soy" "Eating out with Joe"
  Liabilities:US:Chase:Slate                       -18.02 USD
  Expenses:Food:Restaurant                          18.02 USD

2020-12-17 * "Good Moods Market" "Buying groceries"
  Liabilities:US:Chase:Slate                       -80.70 USD
  Expenses:Food:Groceries                           80.70 USD

2020-12-18 * "Rose Flower" "Eating out with Joe"
  Liabilities:US:Chase:Slate                       -31.24 USD
  Expenses:Food:Restaurant                          31.24 USD

2020-12-21 * "Uncle Boons" "Eating out after work"
  Liabilities:US:Chase:Slate                       -25.15 USD
  Expenses:Food:Restaurant                          25.15 USD

2020-12-23 * "Cafe Modagor" "Eating out with Natasha"
  Liabilities:US:Chase:Slate                       -20.56 USD
  Expenses:Food:Restaurant                          20.56 USD

2020-12-24 * "Uncle Boons" "Eating out with Bill"
  Liabilities:US:Chase:Slate                       -28.32 USD
  Expenses:Food:Restaurant                          28.32 USD

2020-12-29 * "Jewel of Morroco" "Eating out with Joe"
  Liabilities:US:Chase:Slate                       -64.29 USD
  Expenses:Food:Restaurant                          64.29 USD

2020-12-30 * "China Garden" "Eating out with Joe"
  Liabilities:US:Chase:Slate                       -22.84 USD
  Expenses:Food:Restaurant                          22.84 USD

2021-01-02 * "Onion Market" "Buying groceries"
  Liabilities:US:Chase:Slate                       -72.02 USD
  Expenses:Food:Groceries                           72.02 USD

2021-01-03 balance Liabilities:US:Chase:Slate    -1461.30 USD

2021-01-03 * "Uncle Boons" "Eating out with Natasha"
  Liabilities:US:Chase:Slate                       -25.27 USD
  Expenses:Food:Restaurant                          25.27 USD

2021-01-06 * "Metro Transport Authority" "Tram tickets"
  Liabilities:US:Chase:Slate                      -120.00 USD
  Expenses:Transport:Tram                          120.00 USD

2021-01-07 * "Goba Goba" "Eating out with Bill"
  Liabilities:US:Chase:Slate                       -16.64 USD
  Expenses:Food:Restaurant                          16.64 USD

2021-01-07 * "Chase:Slate" "Paying off credit card"
  Liabilities:US:Chase:Slate                       681.42 USD
  Assets:US:BofA:Checking                         -681.42 USD

2021-01-08 * "Rose Flower" "Eating out with work buddies"
  Liabilities:US:Chase:Slate                       -19.13 USD
  Expenses:Food:Restaurant                          19.13 USD

2021-01-12 * "Cafe Modagor" "Eating out with Joe"
  Liabilities:US:Chase:Slate                       -66.11 USD
  Expenses:Food:Restaurant                          66.11 USD

2021-01-14 * "Uncle Boons" "Eating out with Julie"
  Liabilities:US:Chase:Slate                       -19.76 USD
  Expenses:Food:Restaurant                          19.76 USD

2021-01-16 * "Cafe Modagor" "Eating out alone"
  Liabilities:US:Chase:Slate                       -15.12 USD
  Expenses:Food:Restaurant                          15.12 USD

2021-01-20 * "Kin Soy" "Eating out with Bill"
  Liabilities:US:Chase:Slate                       -28.13 USD
  Expenses:Food:Restaurant                          28.13 USD

2021-01-22 * "Farmer Fresh" "Buying groceries"
  Liabilities:US:Chase:Slate                       -99.32 USD
  Expenses:Food:Groceries                           99.32 USD

2021-01-23 balance Liabilities:US:Chase:Slate    -1189.36 USD

2021-01-23 * "China Garden" "Eating out with work buddies"
  Liabilities:US:Chase:Slate                       -51.58 USD
  Expenses:Food:Restaurant                          51.58 USD

2021-01-24 * "Rose Flower" "Eating out after work"
  Liabilities:US:Chase:Slate                       -28.97 USD
  Expenses:Food:Restaurant                          28.97 USD

2021-01-27 * "Chichipotle" "Eating out with Joe"
  Liabilities:US:Chase:Slate                       -21.05 USD
  Expenses:Food:Restaurant                          21.05 USD

2021-01-27 * "Good Moods Market" "Buying groceries"
  Liabilities:US:Chase:Slate                       -85.86 USD
  Expenses:Food:Groceries                           85.86 USD

2021-01-31 * "Kin Soy" "Eating out after work"
  Liabilities:US:Chase:Slate                       -22.72 USD
  Expenses:Food:Restaurant                          22.72 USD

2021-02-01 * "Onion Market" "Buying groceries"
  Liabilities:US:Chase:Slate                       -79.73 USD
  Expenses:Food:Groceries                           79.73 USD

2021-02-04 * "Jewel of Morroco" "Eating out after work"
  Liabilities:US:Chase:Slate                       -15.37 USD
  Expenses:Food:Restaurant                          15.37 USD

2021-02-05 * "Cafe Modagor" "Eating out with work buddies"
  Liabilities:US:Chase:Slate                       -25.36 USD
  Expenses:Food:Restaurant                          25.36 USD

2021-02-05 * "Metro Transport Authority" "Tram tickets"
  Liabilities:US:Chase:Slate                      -120.00 USD
  Expenses:Transport:Tram                          120.00 USD

2021-02-07 * "Goba Goba" "Eating out after work"
  Liabilities:US:Chase:Slate                       -23.42 USD
  Expenses:Food:Restaurant                          23.42 USD

2021-02-08 * "Jewel of Morroco" "Eating out alone"
  Liabilities:US:Chase:Slate                       -23.70 USD
  Expenses:Food:Restaurant                          23.70 USD

2021-02-10 * "China Garden" "Eating out "
  Liabilities:US:Chase:Slate                       -25.12 USD
  Expenses:Food:Restaurant                          25.12 USD

2021-02-11 * "Chase:Slate" "Paying off credit card"
  Liabilities:US:Chase:Slate                       786.51 USD
  Assets:US:BofA:Checking                         -786.51 USD

2021-02-12 balance Liabilities:US:Chase:Slate     -925.73 USD

2021-02-15 * "Uncle Boons" "Eating out with Bill"
  Liabilities:US:Chase:Slate                       -16.06 USD
  Expenses:Food:Restaurant                          16.06 USD

2021-02-19 * "Cafe Modagor" "Eating out with Natasha"
  Liabilities:US:Chase:Slate                       -47.25 USD
  Expenses:Food:Restaurant                          47.25 USD

2021-02-20 * "Rose Flower" "Eating out with Bill"
  Liabilities:US:Chase:Slate                       -33.41 USD
  Expenses:Food:Restaurant                          33.41 USD

2021-02-20 * "Corner Deli" "Buying groceries"
  Liabilities:US:Chase:Slate                       -72.63 USD
  Expenses:Food:Groceries                           72.63 USD

2021-02-21 * "Chichipotle" "Eating out with Natasha"
  Liabilities:US:Chase:Slate                       -16.93 USD
  Expenses:Food:Restaurant                          16.93 USD

2021-02-26 * "Chichipotle" "Eating out with Joe"
  Liabilities:US:Chase:Slate                       -45.44 USD
  Expenses:Food:Restaurant                          45.44 USD

2021-02-27 * "Uncle Boons" "Eating out with Bill"
  Liabilities:US:Chase:Slate                       -23.07 USD
  Expenses:Food:Restaurant                          23.07 USD

2021-03-03 * "Rose Flower" "Eating out alone"
  Liabilities:US:Chase:Slate                       -21.35 USD
  Expenses:Food:Restaurant                          21.35 USD

2021-03-03 * "Farmer Fresh" "Buying groceries"
  Liabilities:US:Chase:Slate                       -57.94 USD
  Expenses:Food:Groceries                           57.94 USD

2021-03-04 * "Cafe Modagor" "Eating out with work buddies"
  Liabilities:US:Chase:Slate                       -60.99 USD
  Expenses:Food:Restaurant                          60.99 USD

2021-03-06 balance Liabilities:US:Chase:Slate    -1320.80 USD

2021-03-06 * "Uncle Boons" "Eating out with work buddies"
  Liabilities:US:Chase:Slate                       -29.48 USD
  Expenses:Food:Restaurant                          29.48 USD

2021-03-07 * "Chase:Slate" "Paying off credit card"
  Liabilities:US:Chase:Slate                       437.57 USD
  Assets:US:BofA:Checking                         -437.57 USD

2021-03-08 * "Jewel of Morroco" "Eating out with work buddies"
  Liabilities:US:Chase:Slate                       -29.08 USD
  Expenses:Food:Restaurant                          29.08 USD

2021-03-09 * "Metro Transport Authority" "Tram tickets"
  Liabilities:US:Chase:Slate                      -120.00 USD
  Expenses:Transport:Tram                          120.00 USD

2021-03-11 * "Cafe Modagor" "Eating out with Julie"
  Liabilities:US:Chase:Slate                       -43.88 USD
  Expenses:Food:Restaurant                          43.88 USD

2021-03-14 * "China Garden" "Eating out with Joe"
  Liabilities:US:Chase:Slate                       -20.49 USD
  Expenses:Food:Restaurant                          20.49 USD

2021-03-14 * "Good Moods Market" "Buying groceries"
  Liabilities:US:Chase:Slate                      -103.33 USD
  Expenses:Food:Groceries                          103.33 USD

2021-03-18 * "Kin Soy" "Eating out alone"
  Liabilities:US:Chase:Slate                       -28.84 USD
  Expenses:Food:Restaurant                          28.84 USD

2021-03-22 * "Chichipotle" "Eating out "
  Liabilities:US:Chase:Slate                       -44.81 USD
  Expenses:Food:Restaurant                          44.81 USD

2021-03-22 * "Good Moods Market" "Buying groceries"
  Liabilities:US:Chase:Slate                       -78.05 USD
  Expenses:Food:Groceries                           78.05 USD

2021-03-27 * "China Garden" "Eating out with Julie"
  Liabilities:US:Chase:Slate                       -29.45 USD
  Expenses:Food:Restaurant                          29.45 USD

2021-03-30 * "Jewel of Morroco" "Eating out with Natasha"
  Liabilities:US:Chase:Slate                       -45.66 USD
  Expenses:Food:Restaurant                          45.66 USD

2021-04-02 * "Goba Goba" "Eating out alone"
  Liabilities:US:Chase:Slate                       -24.17 USD
  Expenses:Food:Restaurant                          24.17 USD

2021-04-02 * "Onion Market" "Buying groceries"
  Liabilities:US:Chase:Slate                       -70.42 USD
  Expenses:Food:Groceries                           70.42 USD

2021-04-05 balance Liabilities:US:Chase:Slate    -1550.89 USD

2021-04-05 * "Kin Soy" "Eating out with Joe"
  Liabilities:US:Chase:Slate                       -53.47 USD
  Expenses:Food:Restaurant                          53.47 USD

2021-04-07 * "Rose Flower" "Eating out with Bill"
  Liabilities:US:Chase:Slate                       -25.64 USD
  Expenses:Food:Restaurant                          25.64 USD

2021-04-08 * "Kin Soy" "Eating out with Joe"
  Liabilities:US:Chase:Slate                       -23.55 USD
  Expenses:Food:Restaurant                          23.55 USD

2021-04-08 * "Chase:Slate" "Paying off credit card"
  Liabilities:US:Chase:Slate                       711.76 USD
  Assets:US:BofA:Checking                         -711.76 USD

2021-04-10 * "Rose Flower" "Eating out with Julie"
  Liabilities:US:Chase:Slate                       -29.22 USD
  Expenses:Food:Restaurant                          29.22 USD

2021-04-10 * "Metro Transport Authority" "Tram tickets"
  Liabilities:US:Chase:Slate                      -120.00 USD
  Expenses:Transport:Tram                          120.00 USD

2021-04-14 * "Farmer Fresh" "Buying groceries"
  Liabilities:US:Chase:Slate                       -88.77 USD
  Expenses:Food:Groceries                           88.77 USD

2021-04-15 * "Chichipotle" "Eating out with Julie"
  Liabilities:US:Chase:Slate                       -27.31 USD
  Expenses:Food:Restaurant                          27.31 USD

2021-04-19 * "Jewel of Morroco" "Eating out "
  Liabilities:US:Chase:Slate                       -34.08 USD
  Expenses:Food:Restaurant                          34.08 USD

2021-04-24 * "Kin Soy" "Eating out "
  Liabilities:US:Chase:Slate                       -51.74 USD
  Expenses:Food:Restaurant                          51.74 USD

2021-04-27 balance Liabilities:US:Chase:Slate    -1292.91 USD

2021-04-29 * "Chichipotle" "Eating out with work buddies"
  Liabilities:US:Chase:Slate                       -21.24 USD
  Expenses:Food:Restaurant                          21.24 USD

2021-04-30 * "Kin Soy" "Eating out with work buddies"
  Liabilities:US:Chase:Slate                       -27.43 USD
  Expenses:Food:Restaurant                          27.43 USD

2021-04-30 * "Good Moods Market" "Buying groceries"
  Liabilities:US:Chase:Slate                       -84.84 USD
  Expenses:Food:Groceries                           84.84 USD

2021-05-04 * "Jewel of Morroco" "Eating out alone"
  Liabilities:US:Chase:Slate                       -13.18 USD
  Expenses:Food:Restaurant                          13.18 USD

2021-05-08 * "Chase:Slate" "Paying off credit card"
  Liabilities:US:Chase:Slate                       508.47 USD
  Assets:US:BofA:Checking                         -508.47 USD

2021-05-09 * "Jewel of Morroco" "Eating out with Julie"
  Liabilities:US:Chase:Slate                       -10.66 USD
  Expenses:Food:Restaurant                          10.66 USD

2021-05-10 * "Metro Transport Authority" "Tram tickets"
  Liabilities:US:Chase:Slate                      -120.00 USD
  Expenses:Transport:Tram                          120.00 USD

2021-05-11 * "Cafe Modagor" "Eating out with Bill"
  Liabilities:US:Chase:Slate                       -24.09 USD
  Expenses:Food:Restaurant                          24.09 USD

2021-05-14 * "Kin Soy" "Eating out with Natasha"
  Liabilities:US:Chase:Slate                       -54.94 USD
  Expenses:Food:Restaurant                          54.94 USD

2021-05-14 * "Corner Deli" "Buying groceries"
  Liabilities:US:Chase:Slate                       -75.91 USD
  Expenses:Food:Groceries                           75.91 USD

2021-05-17 * "Cafe Modagor" "Eating out with work buddies"
  Liabilities:US:Chase:Slate                       -30.73 USD
  Expenses:Food:Restaurant                          30.73 USD

2021-05-20 * "Cafe Modagor" "Eating out with Natasha"
  Liabilities:US:Chase:Slate                       -54.21 USD
  Expenses:Food:Restaurant                          54.21 USD

2021-05-21 * "Farmer Fresh" "Buying groceries"
  Liabilities:US:Chase:Slate                      -119.27 USD
  Expenses:Food:Groceries                          119.27 USD

2021-05-23 balance Liabilities:US:Chase:Slate    -1420.94 USD

2021-05-23 * "Uncle Boons" "Eating out after work"
  Liabilities:US:Chase:Slate                       -20.85 USD
  Expenses:Food:Restaurant                          20.85 USD

2021-05-25 * "Kin Soy" "Eating out alone"
  Liabilities:US:Chase:Slate                       -14.20 USD
  Expenses:Food:Restaurant                          14.20 USD

2021-05-28 * "China Garden" "Eating out after work"
  Liabilities:US:Chase:Slate                       -38.82 USD
  Expenses:Food:Restaurant                          38.82 USD

2021-05-29 * "Rose Flower" "Eating out with Julie"
  Liabilities:US:Chase:Slate                       -97.14 USD
  Expenses:Food:Restaurant                          97.14 USD

2021-06-03 * "Chichipotle" "Eating out with Natasha"
  Liabilities:US:Chase:Slate                       -28.97 USD
  Expenses:Food:Restaurant                          28.97 USD

2021-06-05 * "Goba Goba" "Eating out alone"
  Liabilities:US:Chase:Slate                       -29.78 USD
  Expenses:Food:Restaurant                          29.78 USD

2021-06-09 * "Good Moods Market" "Buying groceries"
  Liabilities:US:Chase:Slate                       -95.97 USD
  Expenses:Food:Groceries                           95.97 USD

2021-06-09 * "Metro Transport Authority" "Tram tickets"
  Liabilities:US:Chase:Slate                      -120.00 USD
  Expenses:Transport:Tram                          120.00 USD

2021-06-10 * "Jewel of Morroco" "Eating out with Julie"
  Liabilities:US:Chase:Slate                       -19.53 USD
  Expenses:Food:Restaurant                          19.53 USD

2021-06-10 * "Chase:Slate" "Paying off credit card"
  Liabilities:US:Chase:Slate                       944.41 USD
  Assets:US:BofA:Checking                         -944.41 USD

2021-06-15 * "Cafe Modagor" "Eating out with Bill"
  Liabilities:US:Chase:Slate                       -21.93 USD
  Expenses:Food:Restaurant                          21.93 USD

2021-06-18 * "Goba Goba" "Eating out with work buddies"
  Liabilities:US:Chase:Slate                       -61.29 USD
  Expenses:Food:Restaurant                          61.29 USD

2021-06-21 balance Liabilities:US:Chase:Slate    -1025.01 USD

2021-06-21 * "Onion Market" "Buying groceries"
  Liabilities:US:Chase:Slate                       -70.72 USD
  Expenses:Food:Groceries                           70.72 USD

2021-06-22 * "Rose Flower" "Eating out alone"
  Liabilities:US:Chase:Slate                       -36.53 USD
  Expenses:Food:Restaurant                          36.53 USD

2021-06-25 * "China Garden" "Eating out with Julie"
  Liabilities:US:Chase:Slate                       -31.16 USD
  Expenses:Food:Restaurant                          31.16 USD

2021-06-27 * "Good Moods Market" "Buying groceries"
  Liabilities:US:Chase:Slate                       -79.53 USD
  Expenses:Food:Groceries                           79.53 USD

2021-06-30 * "Chichipotle" "Eating out with work buddies"
  Liabilities:US:Chase:Slate                       -16.42 USD
  Expenses:Food:Restaurant                          16.42 USD

2021-07-03 * "Goba Goba" "Eating out with Bill"
  Liabilities:US:Chase:Slate                       -22.85 USD
  Expenses:Food:Restaurant                          22.85 USD

2021-07-04 * "Uncle Boons" "Eating out with work buddies"
  Liabilities:US:Chase:Slate                       -21.11 USD
  Expenses:Food:Restaurant                          21.11 USD

2021-07-05 * "China Garden" "Eating out with Julie"
  Liabilities:US:Chase:Slate                       -26.55 USD
  Expenses:Food:Restaurant                          26.55 USD

2021-07-08 * "Farmer Fresh" "Buying groceries"
  Liabilities:US:Chase:Slate                       -86.36 USD
  Expenses:Food:Groceries                           86.36 USD

2021-07-10 * "Cafe Modagor" "Eating out with Joe"
  Liabilities:US:Chase:Slate                       -46.35 USD
  Expenses:Food:Restaurant                          46.35 USD

2021-07-10 * "Metro Transport Authority" "Tram tickets"
  Liabilities:US:Chase:Slate                      -120.00 USD
  Expenses:Transport:Tram                          120.00 USD

2021-07-11 * "Kin Soy" "Eating out with work buddies"
  Liabilities:US:Chase:Slate                       -17.62 USD
  Expenses:Food:Restaurant                          17.62 USD

2021-07-11 * "Chase:Slate" "Paying off credit card"
  Liabilities:US:Chase:Slate                       658.42 USD
  Assets:US:BofA:Checking                         -658.42 USD

2021-07-12 * "Uncle Boons" "Eating out with Natasha"
  Liabilities:US:Chase:Slate                       -18.47 USD
  Expenses:Food:Restaurant                          18.47 USD

2021-07-13 event "location" "Los Angeles"

2021-07-14 balance Liabilities:US:Chase:Slate     -960.26 USD

2021-07-15 * "Banana Leaf" "" #trip-los-angeles-2021
  Liabilities:US:Chase:Slate                       -24.87 USD
  Expenses:Food:Restaurant                          24.87 USD

2021-07-15 * "E.B.'s Beer and Wine" "" #trip-los-angeles-2021
  Liabilities:US:Chase:Slate                        -6.59 USD
  Expenses:Food:Alcohol                              6.59 USD

2021-07-16 * "Mr. Marcel" "" #trip-los-angeles-2021
  Liabilities:US:Chase:Slate                       -32.01 USD
  Expenses:Food:Restaurant                          32.01 USD

2021-07-16 * "E.B.'s Beer and Wine" "" #trip-los-angeles-2021
  Liabilities:US:Chase:Slate                        -6.39 USD
  Expenses:Food:Alcohol                              6.39 USD

2021-07-17 * "Pampas Grill" "" #trip-los-angeles-2021
  Liabilities:US:Chase:Slate                       -22.58 USD
  Expenses:Food:Restaurant                          22.58 USD

2021-07-17 * "E.B.'s Beer and Wine" "" #trip-los-angeles-2021
  Liabilities:US:Chase:Slate                        -8.10 USD
  Expenses:Food:Alcohol                              8.10 USD

2021-07-18 * "Mr. Marcel" "" #trip-los-angeles-2021
  Liabilities:US:Chase:Slate                       -32.48 USD
  Expenses:Food:Restaurant                          32.48 USD

2021-07-18 * "Dupar's" "" #trip-los-angeles-2021
  Liabilities:US:Chase:Slate                       -29.05 USD
  Expenses:Food:Restaurant                          29.05 USD

2021-07-18 * "Pampas Grill" "" #trip-los-angeles-2021
  Liabilities:US:Chase:Slate                       -17.11 USD
  Expenses:Food:Restaurant                          17.11 USD

2021-07-18 * "E.B.'s Beer and Wine" "" #trip-los-angeles-2021
  Liabilities:US:Chase:Slate                        -6.57 USD
  Expenses:Food:Alcohol                              6.57 USD

2021-07-19 * "Banana Leaf" "" #trip-los-angeles-2021
  Liabilities:US:Chase:Slate                       -27.10 USD
  Expenses:Food:Restaurant                          27.10 USD

2021-07-19 * "Dupar's" "" #trip-los-angeles-2021
  Liabilities:US:Chase:Slate                       -32.15 USD
  Expenses:Food:Restaurant                          32.15 USD

2021-07-19 * "Pampas Grill" "" #trip-los-angeles-2021
  Liabilities:US:Chase:Slate                       -25.86 USD
  Expenses:Food:Restaurant                          25.86 USD

2021-07-19 * "Chipotle" "" #trip-los-angeles-2021
  Liabilities:US:Chase:Slate                       -16.68 USD
  Expenses:Food:Restaurant                          16.68 USD

2021-07-20 * "Banana Leaf" "" #trip-los-angeles-2021
  Liabilities:US:Chase:Slate                       -22.12 USD
  Expenses:Food:Restaurant                          22.12 USD

2021-07-20 * "E.B.'s Beer and Wine" "" #trip-los-angeles-2021
  Liabilities:US:Chase:Slate                        -8.67 USD
  Expenses:Food:Alcohol                              8.67 USD

2021-07-21 * "Mr. Marcel" "" #trip-los-angeles-2021
  Liabilities:US:Chase:Slate                       -59.10 USD
  Expenses:Food:Restaurant                          59.10 USD

2021-07-21 * "Dupar's" "" #trip-los-angeles-2021
  Liabilities:US:Chase:Slate                       -27.54 USD
  Expenses:Food:Restaurant                          27.54 USD

2021-07-22 * "Banana Leaf" "" #trip-los-angeles-2021
  Liabilities:US:Chase:Slate                       -21.56 USD
  Expenses:Food:Restaurant                          21.56 USD

2021-07-22 * "Chipotle" "" #trip-los-angeles-2021
  Liabilities:US:Chase:Slate                       -15.17 USD
  Expenses:Food:Restaurant                          15.17 USD

2021-07-22 * "E.B.'s Beer and Wine" "" #trip-los-angeles-2021
  Liabilities:US:Chase:Slate                        -9.59 USD
  Expenses:Food:Alcohol                              9.59 USD

2021-07-23 * "Pampas Grill" "" #trip-los-angeles-2021
  Liabilities:US:Chase:Slate                       -23.00 USD
  Expenses:Food:Restaurant                          23.00 USD

2021-07-25 * "Dupar's" "" #trip-los-angeles-2021
  Liabilities:US:Chase:Slate                       -32.65 USD
  Expenses:Food:Restaurant                          32.65 USD

2021-07-25 * "Chipotle" "" #trip-los-angeles-2021
  Liabilities:US:Chase:Slate                       -15.95 USD
  Expenses:Food:Restaurant                          15.95 USD

2021-07-25 * "E.B.'s Beer and Wine" "" #trip-los-angeles-2021
  Liabilities:US:Chase:Slate                        -6.83 USD
  Expenses:Food:Alcohol                              6.83 USD

2021-07-26 * "Chipotle" "" #trip-los-angeles-2021
  Liabilities:US:Chase:Slate                       -13.23 USD
  Expenses:Food:Restaurant                          13.23 USD

2021-07-26 * "Starbucks" "" #trip-los-angeles-2021
  Liabilities:US:Chase:Slate                        -6.44 USD
  Expenses:Food:Coffee                               6.44 USD

2021-07-26 * "E.B.'s Beer and Wine" "" #trip-los-angeles-2021
  Liabilities:US:Chase:Slate                       -10.64 USD
  Expenses:Food:Alcohol                             10.64 USD

2021-07-27 * "Dupar's" "" #trip-los-angeles-2021
  Liabilities:US:Chase:Slate                       -29.13 USD
  Expenses:Food:Restaurant                          29.13 USD

2021-07-27 * "E.B.'s Beer and Wine" "" #trip-los-angeles-2021
  Liabilities:US:Chase:Slate                        -7.46 USD
  Expenses:Food:Alcohol                              7.46 USD

2021-07-28 * "Mr. Marcel" "" #trip-los-angeles-2021
  Liabilities:US:Chase:Slate                       -35.28 USD
  Expenses:Food:Restaurant                          35.28 USD

2021-07-30 * "Dupar's" "" #trip-los-angeles-2021
  Liabilities:US:Chase:Slate                       -35.28 USD
  Expenses:Food:Restaurant                          35.28 USD

2021-07-30 * "Chipotle" "" #trip-los-angeles-2021
  Liabilities:US:Chase:Slate                       -18.29 USD
  Expenses:Food:Restaurant                          18.29 USD

2021-07-30 * "E.B.'s Beer and Wine" "" #trip-los-angeles-2021
  Liabilities:US:Chase:Slate                        -8.58 USD
  Expenses:Food:Alcohol                              8.58 USD

2021-07-31 * "Farmer Fresh" "Buying groceries"
  Liabilities:US:Chase:Slate                       -60.83 USD
  Expenses:Food:Groceries                           60.83 USD

2021-07-31 * "Chipotle" "" #trip-los-angeles-2021
  Liabilities:US:Chase:Slate                       -20.41 USD
  Expenses:Food:Restaurant                          20.41 USD

2021-07-31 * "Starbucks" "" #trip-los-angeles-2021
  Liabilities:US:Chase:Slate                        -4.78 USD
  Expenses:Food:Coffee                               4.78 USD

2021-07-31 * "Consume vacation days"
  Assets:US:Babble:Vacation                          -144 VACHR
  Expenses:Vacation                                   144 VACHR

2021-07-31 event "location" "New Metropolis"

2021-08-04 * "Jewel of Morroco" "Eating out with Julie"
  Liabilities:US:Chase:Slate                       -29.73 USD
  Expenses:Food:Restaurant                          29.73 USD

2021-08-06 * "Rose Flower" "Eating out with Julie"
  Liabilities:US:Chase:Slate                       -33.44 USD
  Expenses:Food:Restaurant                          33.44 USD

2021-08-07 * "Metro Transport Authority" "Tram tickets"
  Liabilities:US:Chase:Slate                      -120.00 USD
  Expenses:Transport:Tram                          120.00 USD

2021-08-10 balance Liabilities:US:Chase:Slate    -1923.50 USD

2021-08-11 * "Uncle Boons" "Eating out after work"
  Liabilities:US:Chase:Slate                       -27.80 USD
  Expenses:Food:Restaurant                          27.80 USD

2021-08-11 * "Chase:Slate" "Paying off credit card"
  Liabilities:US:Chase:Slate                       290.27 USD
  Assets:US:BofA:Checking                         -290.27 USD

2021-08-15 * "Chichipotle" "Eating out with work buddies"
  Liabilities:US:Chase:Slate                       -34.50 USD
  Expenses:Food:Restaurant                          34.50 USD

2021-08-16 * "Good Moods Market" "Buying groceries"
  Liabilities:US:Chase:Slate                       -98.04 USD
  Expenses:Food:Groceries                           98.04 USD

2021-08-17 * "China Garden" "Eating out "
  Liabilities:US:Chase:Slate                       -20.46 USD
  Expenses:Food:Restaurant                          20.46 USD

2021-08-21 * "Jewel of Morroco" "Eating out with Natasha"
  Liabilities:US:Chase:Slate                       -28.89 USD
  Expenses:Food:Restaurant                          28.89 USD

2021-08-23 * "Kin Soy" "Eating out with Joe"
  Liabilities:US:Chase:Slate                       -50.16 USD
  Expenses:Food:Restaurant                          50.16 USD

2021-08-26 * "Uncle Boons" "Eating out "
  Liabilities:US:Chase:Slate                       -30.33 USD
  Expenses:Food:Restaurant                          30.33 USD

2021-08-27 * "China Garden" "Eating out after work"
  Liabilities:US:Chase:Slate                       -73.04 USD
  Expenses:Food:Restaurant                          73.04 USD

2021-08-30 * "Cafe Modagor" "Eating out with Bill"
  Liabilities:US:Chase:Slate                       -19.65 USD
  Expenses:Food:Restaurant                          19.65 USD

2021-08-31 balance Liabilities:US:Chase:Slate    -2016.10 USD

2021-08-31 * "Farmer Fresh" "Buying groceries"
  Liabilities:US:Chase:Slate                       -51.40 USD
  Expenses:Food:Groceries                           51.40 USD

2021-09-04 * "Goba Goba" "Eating out with Julie"
  Liabilities:US:Chase:Slate                       -29.99 USD
  Expenses:Food:Restaurant                          29.99 USD

2021-09-05 * "Corner Deli" "Buying groceries"
  Liabilities:US:Chase:Slate                      -103.43 USD
  Expenses:Food:Groceries                          103.43 USD

2021-09-09 * "China Garden" "Eating out after work"
  Liabilities:US:Chase:Slate                       -32.34 USD
  Expenses:Food:Restaurant                          32.34 USD

2021-09-09 * "Metro Transport Authority" "Tram tickets"
  Liabilities:US:Chase:Slate                      -120.00 USD
  Expenses:Transport:Tram                          120.00 USD

2021-09-09 * "Chase:Slate" "Paying off credit card"
  Liabilities:US:Chase:Slate                       572.23 USD
  Assets:US:BofA:Checking                         -572.23 USD

2021-09-14 * "Goba Goba" "Eating out with work buddies"
  Liabilities:US:Chase:Slate                       -35.72 USD
  Expenses:Food:Restaurant                          35.72 USD

2021-09-15 * "Kin Soy" "Eating out with Joe"
  Liabilities:US:Chase:Slate                       -34.47 USD
  Expenses:Food:Restaurant                          34.47 USD

2021-09-17 * "Corner Deli" "Buying groceries"
  Liabilities:US:Chase:Slate                       -81.61 USD
  Expenses:Food:Groceries                           81.61 USD

2021-09-18 * "Cafe Modagor" "Eating out with Julie"
  Liabilities:US:Chase:Slate                       -28.14 USD
  Expenses:Food:Restaurant                          28.14 USD

2021-09-20 * "Jewel of Morroco" "Eating out after work"
  Liabilities:US:Chase:Slate                       -39.53 USD
  Expenses:Food:Restaurant                          39.53 USD

2021-09-24 * "Cafe Modagor" "Eating out alone"
  Liabilities:US:Chase:Slate                       -23.75 USD
  Expenses:Food:Restaurant                          23.75 USD

2021-09-24 * "Good Moods Market" "Buying groceries"
  Liabilities:US:Chase:Slate                       -83.82 USD
  Expenses:Food:Groceries                           83.82 USD

2021-09-25 * "Cafe Modagor" "Eating out with work buddies"
  Liabilities:US:Chase:Slate                       -22.00 USD
  Expenses:Food:Restaurant                          22.00 USD

2021-09-27 * "Chichipotle" "Eating out with work buddies"
  Liabilities:US:Chase:Slate                       -33.94 USD
  Expenses:Food:Restaurant                          33.94 USD

2021-09-30 balance Liabilities:US:Chase:Slate    -2164.01 USD

2021-09-30 * "Kin Soy" "Eating out with Natasha"
  Liabilities:US:Chase:Slate                       -15.13 USD
  Expenses:Food:Restaurant                          15.13 USD

2021-09-30 * "Corner Deli" "Buying groceries"
  Liabilities:US:Chase:Slate                       -60.99 USD
  Expenses:Food:Groceries                           60.99 USD

2021-10-05 * "Rose Flower" "Eating out with Natasha"
  Liabilities:US:Chase:Slate                       -28.22 USD
  Expenses:Food:Restaurant                          28.22 USD

2021-10-10 * "Kin Soy" "Eating out with work buddies"
  Liabilities:US:Chase:Slate                       -59.19 USD
  Expenses:Food:Restaurant                          59.19 USD

2021-10-11 * "Metro Transport Authority" "Tram tickets"
  Liabilities:US:Chase:Slate                      -120.00 USD
  Expenses:Transport:Tram                          120.00 USD

2021-10-11 * "Chase:Slate" "Paying off credit card"
  Liabilities:US:Chase:Slate                       786.51 USD
  Assets:US:BofA:Checking                         -786.51 USD

2021-10-12 * "Kin Soy" "Eating out with Natasha"
  Liabilities:US:Chase:Slate                       -23.25 USD
  Expenses:Food:Restaurant                          23.25 USD

2021-10-17 * "Kin Soy" "Eating out with Julie"
  Liabilities:US:Chase:Slate                       -39.97 USD
  Expenses:Food:Restaurant                          39.97 USD

2021-10-19 * "Good Moods Market" "Buying groceries"
  Liabilities:US:Chase:Slate                       -84.76 USD
  Expenses:Food:Groceries                           84.76 USD

2021-10-20 * "Cafe Modagor" "Eating out with work buddies"
  Liabilities:US:Chase:Slate                       -42.39 USD
  Expenses:Food:Restaurant                          42.39 USD

2021-10-23 * "Rose Flower" "Eating out with Joe"
  Liabilities:US:Chase:Slate                       -52.93 USD
  Expenses:Food:Restaurant                          52.93 USD

2021-10-25 * "Rose Flower" "Eating out with work buddies"
  Liabilities:US:Chase:Slate                       -11.85 USD
  Expenses:Food:Restaurant                          11.85 USD

2021-10-26 balance Liabilities:US:Chase:Slate    -1916.18 USD

2021-10-26 * "Onion Market" "Buying groceries"
  Liabilities:US:Chase:Slate                       -53.08 USD
  Expenses:Food:Groceries                           53.08 USD

2021-10-27 * "Jewel of Morroco" "Eating out with work buddies"
  Liabilities:US:Chase:Slate                       -19.20 USD
  Expenses:Food:Restaurant                          19.20 USD

2021-10-31 * "Goba Goba" "Eating out after work"
  Liabilities:US:Chase:Slate                       -16.49 USD
  Expenses:Food:Restaurant                          16.49 USD

2021-11-02 * "Cafe Modagor" "Eating out with Natasha"
  Liabilities:US:Chase:Slate                       -14.35 USD
  Expenses:Food:Restaurant                          14.35 USD

2021-11-06 * "Chichipotle" "Eating out with Joe"
  Liabilities:US:Chase:Slate                       -32.87 USD
  Expenses:Food:Restaurant                          32.87 USD

2021-11-09 * "Chase:Slate" "Paying off credit card"
  Liabilities:US:Chase:Slate                       410.58 USD
  Assets:US:BofA:Checking                         -410.58 USD

2021-11-10 * "Rose Flower" "Eating out alone"
  Liabilities:US:Chase:Slate                       -19.44 USD
  Expenses:Food:Restaurant                          19.44 USD

2021-11-10 * "Onion Market" "Buying groceries"
  Liabilities:US:Chase:Slate                       -93.09 USD
  Expenses:Food:Groceries                           93.09 USD

2021-11-10 * "Metro Transport Authority" "Tram tickets"
  Liabilities:US:Chase:Slate                      -120.00 USD
  Expenses:Transport:Tram                          120.00 USD

2021-11-12 * "Cafe Modagor" "Eating out with Natasha"
  Liabilities:US:Chase:Slate                       -18.13 USD
  Expenses:Food:Restaurant                          18.13 USD

2021-11-16 * "Cafe Modagor" "Eating out with Bill"
  Liabilities:US:Chase:Slate                       -18.82 USD
  Expenses:Food:Restaurant                          18.82 USD

2021-11-17 balance Liabilities:US:Chase:Slate    -1911.07 USD

2021-11-18 * "Chichipotle" "Eating out with Natasha"
  Liabilities:US:Chase:Slate                       -26.62 USD
  Expenses:Food:Restaurant                          26.62 USD

2021-11-19 * "Corner Deli" "Buying groceries"
  Liabilities:US:Chase:Slate                       -84.02 USD
  Expenses:Food:Groceries                           84.02 USD

2021-11-22 * "Uncle Boons" "Eating out with Natasha"
  Liabilities:US:Chase:Slate                       -50.54 USD
  Expenses:Food:Restaurant                          50.54 USD

2021-11-26 * "Goba Goba" "Eating out "
  Liabilities:US:Chase:Slate                       -26.55 USD
  Expenses:Food:Restaurant                          26.55 USD

2021-11-29 * "China Garden" "Eating out with Joe"
  Liabilities:US:Chase:Slate                       -25.77 USD
  Expenses:Food:Restaurant                          25.77 USD

2021-12-04 * "Rose Flower" "Eating out alone"
  Liabilities:US:Chase:Slate                       -46.41 USD
  Expenses:Food:Restaurant                          46.41 USD

2021-12-05 * "China Garden" "Eating out with Natasha"
  Liabilities:US:Chase:Slate                       -41.43 USD
  Expenses:Food:Restaurant                          41.43 USD

2021-12-07 * "Corner Deli" "Buying groceries"
  Liabilities:US:Chase:Slate                       -56.67 USD
  Expenses:Food:Groceries                           56.67 USD

2021-12-09 * "Chichipotle" "Eating out with Joe"
  Liabilities:US:Chase:Slate                       -17.57 USD
  Expenses:Food:Restaurant                          17.57 USD

2021-12-10 * "Metro Transport Authority" "Tram tickets"
  Liabilities:US:Chase:Slate                      -120.00 USD
  Expenses:Transport:Tram                          120.00 USD

2021-12-10 * "Chase:Slate" "Paying off credit card"
  Liabilities:US:Chase:Slate                       745.62 USD
  Assets:US:BofA:Checking                         -745.62 USD

2021-12-11 balance Liabilities:US:Chase:Slate    -1661.03 USD

2021-12-11 * "China Garden" "Eating out "
  Liabilities:US:Chase:Slate                       -37.54 USD
  Expenses:Food:Restaurant                          37.54 USD

2021-12-14 * "China Garden" "Eating out with Bill"
  Liabilities:US:Chase:Slate                       -26.79 USD
  Expenses:Food:Restaurant                          26.79 USD

2021-12-14 * "Corner Deli" "Buying groceries"
  Liabilities:US:Chase:Slate                       -66.24 USD
  Expenses:Food:Groceries                           66.24 USD

2021-12-19 * "Chichipotle" "Eating out with Julie"
  Liabilities:US:Chase:Slate                       -23.21 USD
  Expenses:Food:Restaurant                          23.21 USD

2021-12-21 * "Onion Market" "Buying groceries"
  Liabilities:US:Chase:Slate                       -75.91 USD
  Expenses:Food:Groceries                           75.91 USD

2021-12-23 * "Jewel of Morroco" "Eating out with Julie"
  Liabilities:US:Chase:Slate                       -14.03 USD
  Expenses:Food:Restaurant                          14.03 USD

2021-12-24 * "Goba Goba" "Eating out alone"
  Liabilities:US:Chase:Slate                       -22.61 USD
  Expenses:Food:Restaurant                          22.61 USD

2021-12-29 * "Rose Flower" "Eating out with Natasha"
  Liabilities:US:Chase:Slate                       -25.32 USD
  Expenses:Food:Restaurant                          25.32 USD

2021-12-29 * "Corner Deli" "Buying groceries"
  Liabilities:US:Chase:Slate                       -64.41 USD
  Expenses:Food:Groceries                           64.41 USD

2022-01-02 * "Goba Goba" "Eating out with Julie"
  Liabilities:US:Chase:Slate                       -28.78 USD
  Expenses:Food:Restaurant                          28.78 USD

2022-01-03 * "Goba Goba" "Eating out with work buddies"
  Liabilities:US:Chase:Slate                       -32.50 USD
  Expenses:Food:Restaurant                          32.50 USD

2022-01-04 balance Liabilities:US:Chase:Slate    -2078.37 USD

2022-01-05 * "Rose Flower" "Eating out with Julie"
  Liabilities:US:Chase:Slate                       -23.48 USD
  Expenses:Food:Restaurant                          23.48 USD

2022-01-07 * "Corner Deli" "Buying groceries"
  Liabilities:US:Chase:Slate                       -81.75 USD
  Expenses:Food:Groceries                           81.75 USD

2022-01-08 * "Chichipotle" "Eating out with Julie"
  Liabilities:US:Chase:Slate                       -27.86 USD
  Expenses:Food:Restaurant                          27.86 USD

2022-01-12 * "Metro Transport Authority" "Tram tickets"
  Liabilities:US:Chase:Slate                      -120.00 USD
  Expenses:Transport:Tram                          120.00 USD

2022-01-13 * "Rose Flower" "Eating out with Bill"
  Liabilities:US:Chase:Slate                       -36.12 USD
  Expenses:Food:Restaurant                          36.12 USD

2022-01-17 * "Goba Goba" "Eating out with Natasha"
  Liabilities:US:Chase:Slate                       -33.71 USD
  Expenses:Food:Restaurant                          33.71 USD

2022-01-19 * "China Garden" "Eating out with Natasha"
  Liabilities:US:Chase:Slate                       -16.94 USD
  Expenses:Food:Restaurant                          16.94 USD

2022-01-20 * "Uncle Boons" "Eating out with Julie"
  Liabilities:US:Chase:Slate                       -26.13 USD
  Expenses:Food:Restaurant                          26.13 USD



* Taxable Investments

2020-01-01 open Assets:US:ETrade:Cash                       USD
2020-01-01 open Assets:US:ETrade:ITOT                       ITOT
2020-01-01 open Assets:US:ETrade:VEA                       VEA
2020-01-01 open Assets:US:ETrade:VHT                       VHT
2020-01-01 open Assets:US:ETrade:GLD                       GLD
2020-01-01 open Income:US:ETrade:PnL                        USD
2020-01-01 open Income:US:ETrade:ITOT:Dividend              USD
2020-01-01 open Income:US:ETrade:VEA:Dividend              USD
2020-01-01 open Income:US:ETrade:VHT:Dividend              USD
2020-01-01 open Income:US:ETrade:GLD:Dividend              USD

2020-09-17 * "Dividends on portfolio"
  Assets:US:ETrade:Cash                              0.00 USD
  Income:US:ETrade:GLD:Dividend                      0.00 USD

2020-09-18 * "Buy shares of GLD"
  Assets:US:ETrade:Cash                          -1867.15 USD
  Assets:US:ETrade:GLD                                 19 GLD {97.80 USD, 2020-09-18}
  Expenses:Financial:Commissions                     8.95 USD

2020-09-18 * "Buy shares of ITOT"
  Assets:US:ETrade:Cash                          -1873.95 USD
  Assets:US:ETrade:ITOT                                25 ITOT {74.60 USD, 2020-09-18}
  Expenses:Financial:Commissions                     8.95 USD

2020-10-27 * "Buy shares of ITOT"
  Assets:US:ETrade:Cash                          -2091.03 USD
  Assets:US:ETrade:ITOT                                28 ITOT {74.36 USD, 2020-10-27}
  Expenses:Financial:Commissions                     8.95 USD

2020-10-27 * "Buy shares of VHT"
  Assets:US:ETrade:Cash                          -2078.08 USD
  Assets:US:ETrade:VHT                                 21 VHT {98.53 USD, 2020-10-27}
  Expenses:Financial:Commissions                     8.95 USD

2020-12-08 * "Sell shares of VHT"
  Assets:US:ETrade:VHT                                -21 VHT {98.53 USD, 2020-10-27} @ 98.15 USD
  Assets:US:ETrade:Cash                           2052.20 USD
  Expenses:Financial:Commissions                     8.95 USD
  Income:US:ETrade:PnL                               7.98 USD

2020-12-14 * "Buy shares of VHT"
  Assets:US:ETrade:Cash                           -692.99 USD
  Assets:US:ETrade:VHT                                  7 VHT {97.72 USD, 2020-12-14}
  Expenses:Financial:Commissions                     8.95 USD

2020-12-14 * "Buy shares of GLD"
  Assets:US:ETrade:Cash                           -684.59 USD
  Assets:US:ETrade:GLD                                  7 GLD {96.52 USD, 2020-12-14}
  Expenses:Financial:Commissions                     8.95 USD

2020-12-14 * "Buy shares of VEA"
  Assets:US:ETrade:Cash                           -692.71 USD
  Assets:US:ETrade:VEA                                 11 VEA {62.16 USD, 2020-12-14}
  Expenses:Financial:Commissions                     8.95 USD

2020-12-17 * "Dividends on portfolio"
  Assets:US:ETrade:Cash                             39.67 USD
  Income:US:ETrade:VHT:Dividend                    -39.67 USD

2021-03-18 * "Dividends on portfolio"
  Assets:US:ETrade:Cash                             39.67 USD
  Income:US:ETrade:VEA:Dividend                    -39.67 USD

2021-06-18 * "Dividends on portfolio"
  Assets:US:ETrade:Cash                             39.67 USD
  Income:US:ETrade:VHT:Dividend                    -39.67 USD

2021-07-01 * "Sell shares of GLD"
  Assets:US:ETrade:GLD                                -19 GLD {97.80 USD, 2020-09-18} @ 105.38 USD
  Assets:US:ETrade:Cash                           1993.27 USD
  Expenses:Financial:Commissions                     8.95 USD
  Income:US:ETrade:PnL                            -144.02 USD

2021-07-08 * "Buy shares of VHT"
  Assets:US:ETrade:Cash                           -425.27 USD
  Assets:US:ETrade:VHT                                  4 VHT {104.08 USD, 2021-07-08}
  Expenses:Financial:Commissions                     8.95 USD

2021-07-08 * "Buy shares of ITOT"
  Assets:US:ETrade:Cash                           -461.65 USD
  Assets:US:ETrade:ITOT                                 6 ITOT {75.45 USD, 2021-07-08}
  Expenses:Financial:Commissions                     8.95 USD

2021-07-08 * "Buy shares of GLD"
  Assets:US:ETrade:Cash                           -428.99 USD
  Assets:US:ETrade:GLD                                  4 GLD {105.01 USD, 2021-07-08}
  Expenses:Financial:Commissions                     8.95 USD

2021-07-08 * "Buy shares of VEA"
  Assets:US:ETrade:Cash                           -499.79 USD
  Assets:US:ETrade:VEA                                  7 VEA {70.12 USD, 2021-07-08}
  Expenses:Financial:Commissions                     8.95 USD

2021-09-08 * "Buy shares of GLD"
  Assets:US:ETrade:Cash                           -798.13 USD
  Assets:US:ETrade:GLD                                  7 GLD {112.74 USD, 2021-09-08}
  Expenses:Financial:Commissions                     8.95 USD

2021-09-08 * "Buy shares of ITOT"
  Assets:US:ETrade:Cash                           -765.35 USD
  Assets:US:ETrade:ITOT                                10 ITOT {75.64 USD, 2021-09-08}
  Expenses:Financial:Commissions                     8.95 USD

2021-09-08 * "Buy shares of VHT"
  Assets:US:ETrade:Cash                           -748.85 USD
  Assets:US:ETrade:VHT                                  7 VHT {105.70 USD, 2021-09-08}
  Expenses:Financial:Commissions                     8.95 USD

2021-09-08 * "Buy shares of VEA"
  Assets:US:ETrade:Cash                           -737.35 USD
  Assets:US:ETrade:VEA                                 10 VEA {72.84 USD, 2021-09-08}
  Expenses:Financial:Commissions                     8.95 USD

2021-09-18 * "Dividends on portfolio"
  Assets:US:ETrade:Cash                             58.85 USD
  Income:US:ETrade:VHT:Dividend                    -58.85 USD

2021-10-13 * "Buy shares of VHT"
  Assets:US:ETrade:Cash                           -880.79 USD
  Assets:US:ETrade:VHT                                  8 VHT {108.98 USD, 2021-10-13}
  Expenses:Financial:Commissions                     8.95 USD

2021-10-13 * "Buy shares of GLD"
  Assets:US:ETrade:Cash                           -824.31 USD
  Assets:US:ETrade:GLD                                  7 GLD {116.48 USD, 2021-10-13}
  Expenses:Financial:Commissions                     8.95 USD

2021-10-13 * "Buy shares of ITOT"
  Assets:US:ETrade:Cash                           -867.94 USD
  Assets:US:ETrade:ITOT                                11 ITOT {78.09 USD, 2021-10-13}
  Expenses:Financial:Commissions                     8.95 USD

2021-10-13 * "Buy shares of VEA"
  Assets:US:ETrade:Cash                           -908.71 USD
  Assets:US:ETrade:VEA                                 12 VEA {74.98 USD, 2021-10-13}
  Expenses:Financial:Commissions                     8.95 USD

2021-11-22 * "Buy shares of VEA"
  Assets:US:ETrade:Cash                          -2046.20 USD
  Assets:US:ETrade:VEA                                 29 VEA {70.25 USD, 2021-11-22}
  Expenses:Financial:Commissions                     8.95 USD

2021-11-22 * "Buy shares of GLD"
  Assets:US:ETrade:Cash                          -2038.41 USD
  Assets:US:ETrade:GLD                                 17 GLD {119.38 USD, 2021-11-22}
  Expenses:Financial:Commissions                     8.95 USD

2021-11-29 * "Sell shares of GLD"
  Assets:US:ETrade:GLD                                 -7 GLD {96.52 USD, 2020-12-14} @ 119.35 USD
  Assets:US:ETrade:Cash                            826.50 USD
  Expenses:Financial:Commissions                     8.95 USD
  Income:US:ETrade:PnL                            -159.81 USD

2021-12-17 * "Dividends on portfolio"
  Assets:US:ETrade:Cash                             88.90 USD
  Income:US:ETrade:VEA:Dividend                    -88.90 USD

2022-01-02 * "Buy shares of VEA"
  Assets:US:ETrade:Cash                          -2886.79 USD
  Assets:US:ETrade:VEA                                 42 VEA {68.52 USD, 2022-01-02}
  Expenses:Financial:Commissions                     8.95 USD

2022-01-02 * "Buy shares of GLD"
  Assets:US:ETrade:Cash                          -2895.19 USD
  Assets:US:ETrade:GLD                                 24 GLD {120.26 USD, 2022-01-02}
  Expenses:Financial:Commissions                     8.95 USD



* Vanguard Investments

2020-01-01 open Assets:US:Vanguard:VBMPX                     VBMPX
  number: "882882"
2020-01-01 open Assets:US:Vanguard:RGAGX                     RGAGX
  number: "882882"
2020-01-01 open Assets:US:Vanguard                            USD
  address: "P.O. Box 1110, Valley Forge, PA 19482-1110"
  institution: "Vanguard Group"
  phone: "+1.800.523.1188"
2020-01-01 open Income:US:Babble:Match401k                   USD
2020-01-01 open Assets:US:Vanguard:Cash                       USD
  number: "882882"

2020-01-03 * "Employer match for contribution"
  Assets:US:Vanguard:Cash                          600.00 USD
  Income:US:Babble:Match401k                      -600.00 USD

2020-01-06 * "Investing 40% of cash in VBMPX"
  Assets:US:Vanguard:VBMPX                          2.930 VBMPX {163.81 USD, 2020-01-06}
  Assets:US:Vanguard:Cash                         -479.96 USD

2020-01-06 * "Investing 60% of cash in RGAGX"
  Assets:US:Vanguard:RGAGX                          5.143 RGAGX {140.00 USD, 2020-01-06}
  Assets:US:Vanguard:Cash                         -720.02 USD

2020-01-06 * "Investing 40% of cash in VBMPX"
  Assets:US:Vanguard:VBMPX                          1.465 VBMPX {163.81 USD, 2020-01-06}
  Assets:US:Vanguard:Cash                         -239.98 USD

2020-01-06 * "Investing 60% of cash in RGAGX"
  Assets:US:Vanguard:RGAGX                          2.572 RGAGX {140.00 USD, 2020-01-06}
  Assets:US:Vanguard:Cash                         -360.08 USD

2020-01-17 * "Employer match for contribution"
  Assets:US:Vanguard:Cash                          600.00 USD
  Income:US:Babble:Match401k                      -600.00 USD

2020-01-20 * "Investing 40% of cash in VBMPX"
  Assets:US:Vanguard:VBMPX                          2.878 VBMPX {166.80 USD, 2020-01-20}
  Assets:US:Vanguard:Cash                         -480.05 USD

2020-01-20 * "Investing 60% of cash in RGAGX"
  Assets:US:Vanguard:RGAGX                          5.002 RGAGX {143.94 USD, 2020-01-20}
  Assets:US:Vanguard:Cash                         -719.99 USD

2020-01-20 * "Investing 40% of cash in VBMPX"
  Assets:US:Vanguard:VBMPX                          1.439 VBMPX {166.80 USD, 2020-01-20}
  Assets:US:Vanguard:Cash                         -240.03 USD

2020-01-20 * "Investing 60% of cash in RGAGX"
  Assets:US:Vanguard:RGAGX                          2.501 RGAGX {143.94 USD, 2020-01-20}
  Assets:US:Vanguard:Cash                         -359.99 USD

2020-01-31 * "Employer match for contribution"
  Assets:US:Vanguard:Cash                          600.00 USD
  Income:US:Babble:Match401k                      -600.00 USD

2020-02-03 * "Investing 40% of cash in VBMPX"
  Assets:US:Vanguard:VBMPX                          2.851 VBMPX {168.33 USD, 2020-02-03}
  Assets:US:Vanguard:Cash                         -479.91 USD

2020-02-03 * "Investing 60% of cash in RGAGX"
  Assets:US:Vanguard:RGAGX                          5.103 RGAGX {141.07 USD, 2020-02-03}
  Assets:US:Vanguard:Cash                         -719.88 USD

2020-02-03 * "Investing 40% of cash in VBMPX"
  Assets:US:Vanguard:VBMPX                          1.426 VBMPX {168.33 USD, 2020-02-03}
  Assets:US:Vanguard:Cash                         -240.04 USD

2020-02-03 * "Investing 60% of cash in RGAGX"
  Assets:US:Vanguard:RGAGX                          2.552 RGAGX {141.07 USD, 2020-02-03}
  Assets:US:Vanguard:Cash                         -360.01 USD

2020-02-14 * "Employer match for contribution"
  Assets:US:Vanguard:Cash                          600.00 USD
  Income:US:Babble:Match401k                      -600.00 USD

2020-02-17 * "Investing 40% of cash in VBMPX"
  Assets:US:Vanguard:VBMPX                          2.856 VBMPX {168.10 USD, 2020-02-17}
  Assets:US:Vanguard:Cash                         -480.09 USD

2020-02-17 * "Investing 60% of cash in RGAGX"
  Assets:US:Vanguard:RGAGX                          5.137 RGAGX {140.18 USD, 2020-02-17}
  Assets:US:Vanguard:Cash                         -720.10 USD

2020-02-17 * "Investing 40% of cash in VBMPX"
  Assets:US:Vanguard:VBMPX                          1.427 VBMPX {168.10 USD, 2020-02-17}
  Assets:US:Vanguard:Cash                         -239.88 USD

2020-02-17 * "Investing 60% of cash in RGAGX"
  Assets:US:Vanguard:RGAGX                          2.568 RGAGX {140.18 USD, 2020-02-17}
  Assets:US:Vanguard:Cash                         -359.98 USD

2020-02-28 * "Employer match for contribution"
  Assets:US:Vanguard:Cash                          600.00 USD
  Income:US:Babble:Match401k                      -600.00 USD

2020-03-02 * "Investing 40% of cash in VBMPX"
  Assets:US:Vanguard:VBMPX                          2.731 VBMPX {175.79 USD, 2020-03-02}
  Assets:US:Vanguard:Cash                         -480.08 USD

2020-03-02 * "Investing 60% of cash in RGAGX"
  Assets:US:Vanguard:RGAGX                          5.129 RGAGX {140.37 USD, 2020-03-02}
  Assets:US:Vanguard:Cash                         -719.96 USD

2020-03-02 * "Investing 40% of cash in VBMPX"
  Assets:US:Vanguard:VBMPX                          1.365 VBMPX {175.79 USD, 2020-03-02}
  Assets:US:Vanguard:Cash                         -239.95 USD

2020-03-02 * "Investing 60% of cash in RGAGX"
  Assets:US:Vanguard:RGAGX                          2.565 RGAGX {140.37 USD, 2020-03-02}
  Assets:US:Vanguard:Cash                         -360.05 USD

2020-03-13 * "Employer match for contribution"
  Assets:US:Vanguard:Cash                          600.00 USD
  Income:US:Babble:Match401k                      -600.00 USD

2020-03-16 * "Investing 40% of cash in VBMPX"
  Assets:US:Vanguard:VBMPX                          2.742 VBMPX {175.06 USD, 2020-03-16}
  Assets:US:Vanguard:Cash                         -480.01 USD

2020-03-16 * "Investing 60% of cash in RGAGX"
  Assets:US:Vanguard:RGAGX                          5.068 RGAGX {142.06 USD, 2020-03-16}
  Assets:US:Vanguard:Cash                         -719.96 USD

2020-03-16 * "Investing 40% of cash in VBMPX"
  Assets:US:Vanguard:VBMPX                          1.371 VBMPX {175.06 USD, 2020-03-16}
  Assets:US:Vanguard:Cash                         -240.01 USD

2020-03-16 * "Investing 60% of cash in RGAGX"
  Assets:US:Vanguard:RGAGX                          2.534 RGAGX {142.06 USD, 2020-03-16}
  Assets:US:Vanguard:Cash                         -359.98 USD

2020-03-27 * "Employer match for contribution"
  Assets:US:Vanguard:Cash                          600.00 USD
  Income:US:Babble:Match401k                      -600.00 USD

2020-03-30 * "Investing 40% of cash in VBMPX"
  Assets:US:Vanguard:VBMPX                          2.699 VBMPX {177.83 USD, 2020-03-30}
  Assets:US:Vanguard:Cash                         -479.96 USD

2020-03-30 * "Investing 60% of cash in RGAGX"
  Assets:US:Vanguard:RGAGX                          5.075 RGAGX {141.86 USD, 2020-03-30}
  Assets:US:Vanguard:Cash                         -719.94 USD

2020-03-30 * "Investing 40% of cash in VBMPX"
  Assets:US:Vanguard:VBMPX                          1.350 VBMPX {177.83 USD, 2020-03-30}
  Assets:US:Vanguard:Cash                         -240.07 USD

2020-03-30 * "Investing 60% of cash in RGAGX"
  Assets:US:Vanguard:RGAGX                          2.538 RGAGX {141.86 USD, 2020-03-30}
  Assets:US:Vanguard:Cash                         -360.04 USD

2020-04-10 * "Employer match for contribution"
  Assets:US:Vanguard:Cash                          600.00 USD
  Income:US:Babble:Match401k                      -600.00 USD

2020-04-13 * "Investing 40% of cash in VBMPX"
  Assets:US:Vanguard:VBMPX                          2.769 VBMPX {173.32 USD, 2020-04-13}
  Assets:US:Vanguard:Cash                         -479.92 USD

2020-04-13 * "Investing 60% of cash in RGAGX"
  Assets:US:Vanguard:RGAGX                          5.017 RGAGX {143.50 USD, 2020-04-13}
  Assets:US:Vanguard:Cash                         -719.94 USD

2020-04-13 * "Investing 40% of cash in VBMPX"
  Assets:US:Vanguard:VBMPX                          1.385 VBMPX {173.32 USD, 2020-04-13}
  Assets:US:Vanguard:Cash                         -240.05 USD

2020-04-13 * "Investing 60% of cash in RGAGX"
  Assets:US:Vanguard:RGAGX                          2.509 RGAGX {143.50 USD, 2020-04-13}
  Assets:US:Vanguard:Cash                         -360.04 USD

2020-04-24 * "Employer match for contribution"
  Assets:US:Vanguard:Cash                          600.00 USD
  Income:US:Babble:Match401k                      -600.00 USD

2020-04-27 * "Investing 40% of cash in VBMPX"
  Assets:US:Vanguard:VBMPX                          2.789 VBMPX {172.14 USD, 2020-04-27}
  Assets:US:Vanguard:Cash                         -480.10 USD

2020-04-27 * "Investing 60% of cash in RGAGX"
  Assets:US:Vanguard:RGAGX                          5.077 RGAGX {141.82 USD, 2020-04-27}
  Assets:US:Vanguard:Cash                         -720.02 USD

2020-04-27 * "Investing 40% of cash in VBMPX"
  Assets:US:Vanguard:VBMPX                          1.394 VBMPX {172.14 USD, 2020-04-27}
  Assets:US:Vanguard:Cash                         -239.96 USD

2020-04-27 * "Investing 60% of cash in RGAGX"
  Assets:US:Vanguard:RGAGX                          2.538 RGAGX {141.82 USD, 2020-04-27}
  Assets:US:Vanguard:Cash                         -359.94 USD

2020-05-08 * "Employer match for contribution"
  Assets:US:Vanguard:Cash                          600.00 USD
  Income:US:Babble:Match401k                      -600.00 USD

2020-05-11 * "Investing 40% of cash in VBMPX"
  Assets:US:Vanguard:VBMPX                          2.877 VBMPX {166.87 USD, 2020-05-11}
  Assets:US:Vanguard:Cash                         -480.08 USD

2020-05-11 * "Investing 60% of cash in RGAGX"
  Assets:US:Vanguard:RGAGX                          4.955 RGAGX {145.30 USD, 2020-05-11}
  Assets:US:Vanguard:Cash                         -719.96 USD

2020-05-11 * "Investing 40% of cash in VBMPX"
  Assets:US:Vanguard:VBMPX                          1.438 VBMPX {166.87 USD, 2020-05-11}
  Assets:US:Vanguard:Cash                         -239.96 USD

2020-05-11 * "Investing 60% of cash in RGAGX"
  Assets:US:Vanguard:RGAGX                          2.478 RGAGX {145.30 USD, 2020-05-11}
  Assets:US:Vanguard:Cash                         -360.05 USD

2020-05-22 * "Employer match for contribution"
  Assets:US:Vanguard:Cash                          600.00 USD
  Income:US:Babble:Match401k                      -600.00 USD

2020-05-25 * "Investing 40% of cash in VBMPX"
  Assets:US:Vanguard:VBMPX                          2.809 VBMPX {170.90 USD, 2020-05-25}
  Assets:US:Vanguard:Cash                         -480.06 USD

2020-05-25 * "Investing 60% of cash in RGAGX"
  Assets:US:Vanguard:RGAGX                          4.946 RGAGX {145.56 USD, 2020-05-25}
  Assets:US:Vanguard:Cash                         -719.94 USD

2020-05-25 * "Investing 40% of cash in VBMPX"
  Assets:US:Vanguard:VBMPX                          1.404 VBMPX {170.90 USD, 2020-05-25}
  Assets:US:Vanguard:Cash                         -239.94 USD

2020-05-25 * "Investing 60% of cash in RGAGX"
  Assets:US:Vanguard:RGAGX                          2.473 RGAGX {145.56 USD, 2020-05-25}
  Assets:US:Vanguard:Cash                         -359.97 USD

2020-06-05 * "Employer match for contribution"
  Assets:US:Vanguard:Cash                          600.00 USD
  Income:US:Babble:Match401k                      -600.00 USD

2020-06-08 * "Investing 40% of cash in VBMPX"
  Assets:US:Vanguard:VBMPX                          2.774 VBMPX {173.02 USD, 2020-06-08}
  Assets:US:Vanguard:Cash                         -479.96 USD

2020-06-08 * "Investing 60% of cash in RGAGX"
  Assets:US:Vanguard:RGAGX                          4.999 RGAGX {144.05 USD, 2020-06-08}
  Assets:US:Vanguard:Cash                         -720.11 USD

2020-06-08 * "Investing 40% of cash in VBMPX"
  Assets:US:Vanguard:VBMPX                          1.387 VBMPX {173.02 USD, 2020-06-08}
  Assets:US:Vanguard:Cash                         -239.98 USD

2020-06-08 * "Investing 60% of cash in RGAGX"
  Assets:US:Vanguard:RGAGX                          2.499 RGAGX {144.05 USD, 2020-06-08}
  Assets:US:Vanguard:Cash                         -359.98 USD

2020-06-19 * "Employer match for contribution"
  Assets:US:Vanguard:Cash                          600.00 USD
  Income:US:Babble:Match401k                      -600.00 USD

2020-06-22 * "Investing 40% of cash in VBMPX"
  Assets:US:Vanguard:VBMPX                          2.758 VBMPX {174.04 USD, 2020-06-22}
  Assets:US:Vanguard:Cash                         -480.00 USD

2020-06-22 * "Investing 60% of cash in RGAGX"
  Assets:US:Vanguard:RGAGX                          4.899 RGAGX {146.96 USD, 2020-06-22}
  Assets:US:Vanguard:Cash                         -719.96 USD

2020-06-22 * "Investing 40% of cash in VBMPX"
  Assets:US:Vanguard:VBMPX                          1.379 VBMPX {174.04 USD, 2020-06-22}
  Assets:US:Vanguard:Cash                         -240.00 USD

2020-06-22 * "Investing 60% of cash in RGAGX"
  Assets:US:Vanguard:RGAGX                          2.450 RGAGX {146.96 USD, 2020-06-22}
  Assets:US:Vanguard:Cash                         -360.05 USD

2020-07-03 * "Employer match for contribution"
  Assets:US:Vanguard:Cash                          600.00 USD
  Income:US:Babble:Match401k                      -600.00 USD

2020-07-06 * "Investing 40% of cash in VBMPX"
  Assets:US:Vanguard:VBMPX                          2.747 VBMPX {174.72 USD, 2020-07-06}
  Assets:US:Vanguard:Cash                         -479.96 USD

2020-07-06 * "Investing 60% of cash in RGAGX"
  Assets:US:Vanguard:RGAGX                          4.775 RGAGX {150.80 USD, 2020-07-06}
  Assets:US:Vanguard:Cash                         -720.07 USD

2020-07-06 * "Investing 40% of cash in VBMPX"
  Assets:US:Vanguard:VBMPX                          1.374 VBMPX {174.72 USD, 2020-07-06}
  Assets:US:Vanguard:Cash                         -240.07 USD

2020-07-06 * "Investing 60% of cash in RGAGX"
  Assets:US:Vanguard:RGAGX                          2.387 RGAGX {150.80 USD, 2020-07-06}
  Assets:US:Vanguard:Cash                         -359.96 USD

2020-07-17 * "Employer match for contribution"
  Assets:US:Vanguard:Cash                          600.00 USD
  Income:US:Babble:Match401k                      -600.00 USD

2020-07-20 * "Investing 40% of cash in VBMPX"
  Assets:US:Vanguard:VBMPX                          2.675 VBMPX {179.42 USD, 2020-07-20}
  Assets:US:Vanguard:Cash                         -479.95 USD

2020-07-20 * "Investing 60% of cash in RGAGX"
  Assets:US:Vanguard:RGAGX                          4.752 RGAGX {151.50 USD, 2020-07-20}
  Assets:US:Vanguard:Cash                         -719.93 USD

2020-07-20 * "Investing 40% of cash in VBMPX"
  Assets:US:Vanguard:VBMPX                          1.338 VBMPX {179.42 USD, 2020-07-20}
  Assets:US:Vanguard:Cash                         -240.06 USD

2020-07-20 * "Investing 60% of cash in RGAGX"
  Assets:US:Vanguard:RGAGX                          2.377 RGAGX {151.50 USD, 2020-07-20}
  Assets:US:Vanguard:Cash                         -360.12 USD

2020-07-31 * "Employer match for contribution"
  Assets:US:Vanguard:Cash                          250.00 USD
  Income:US:Babble:Match401k                      -250.00 USD

2020-08-03 * "Investing 40% of cash in VBMPX"
  Assets:US:Vanguard:VBMPX                          1.109 VBMPX {180.27 USD, 2020-08-03}
  Assets:US:Vanguard:Cash                         -199.92 USD

2020-08-03 * "Investing 60% of cash in RGAGX"
  Assets:US:Vanguard:RGAGX                          1.950 RGAGX {153.83 USD, 2020-08-03}
  Assets:US:Vanguard:Cash                         -299.97 USD

2020-08-03 * "Investing 40% of cash in VBMPX"
  Assets:US:Vanguard:VBMPX                          0.555 VBMPX {180.27 USD, 2020-08-03}
  Assets:US:Vanguard:Cash                         -100.05 USD

2020-08-03 * "Investing 60% of cash in RGAGX"
  Assets:US:Vanguard:RGAGX                          0.975 RGAGX {153.83 USD, 2020-08-03}
  Assets:US:Vanguard:Cash                         -149.98 USD

2021-01-15 * "Employer match for contribution"
  Assets:US:Vanguard:Cash                          600.00 USD
  Income:US:Babble:Match401k                      -600.00 USD

2021-01-18 * "Investing 40% of cash in VBMPX"
  Assets:US:Vanguard:VBMPX                          2.230 VBMPX {215.26 USD, 2021-01-18}
  Assets:US:Vanguard:Cash                         -480.03 USD

2021-01-18 * "Investing 60% of cash in RGAGX"
  Assets:US:Vanguard:RGAGX                          4.652 RGAGX {154.78 USD, 2021-01-18}
  Assets:US:Vanguard:Cash                         -720.04 USD

2021-01-18 * "Investing 40% of cash in VBMPX"
  Assets:US:Vanguard:VBMPX                          1.115 VBMPX {215.26 USD, 2021-01-18}
  Assets:US:Vanguard:Cash                         -240.01 USD

2021-01-18 * "Investing 60% of cash in RGAGX"
  Assets:US:Vanguard:RGAGX                          2.326 RGAGX {154.78 USD, 2021-01-18}
  Assets:US:Vanguard:Cash                         -360.02 USD

2021-01-29 * "Employer match for contribution"
  Assets:US:Vanguard:Cash                          600.00 USD
  Income:US:Babble:Match401k                      -600.00 USD

2021-02-01 * "Investing 40% of cash in VBMPX"
  Assets:US:Vanguard:VBMPX                          2.300 VBMPX {208.69 USD, 2021-02-01}
  Assets:US:Vanguard:Cash                         -479.99 USD

2021-02-01 * "Investing 60% of cash in RGAGX"
  Assets:US:Vanguard:RGAGX                          4.492 RGAGX {160.26 USD, 2021-02-01}
  Assets:US:Vanguard:Cash                         -719.89 USD

2021-02-01 * "Investing 40% of cash in VBMPX"
  Assets:US:Vanguard:VBMPX                          1.150 VBMPX {208.69 USD, 2021-02-01}
  Assets:US:Vanguard:Cash                         -239.99 USD

2021-02-01 * "Investing 60% of cash in RGAGX"
  Assets:US:Vanguard:RGAGX                          2.246 RGAGX {160.26 USD, 2021-02-01}
  Assets:US:Vanguard:Cash                         -359.94 USD

2021-02-12 * "Employer match for contribution"
  Assets:US:Vanguard:Cash                          600.00 USD
  Income:US:Babble:Match401k                      -600.00 USD

2021-02-15 * "Investing 40% of cash in VBMPX"
  Assets:US:Vanguard:VBMPX                          2.276 VBMPX {210.90 USD, 2021-02-15}
  Assets:US:Vanguard:Cash                         -480.01 USD

2021-02-15 * "Investing 60% of cash in RGAGX"
  Assets:US:Vanguard:RGAGX                          4.373 RGAGX {164.67 USD, 2021-02-15}
  Assets:US:Vanguard:Cash                         -720.10 USD

2021-02-15 * "Investing 40% of cash in VBMPX"
  Assets:US:Vanguard:VBMPX                          1.138 VBMPX {210.90 USD, 2021-02-15}
  Assets:US:Vanguard:Cash                         -240.00 USD

2021-02-15 * "Investing 60% of cash in RGAGX"
  Assets:US:Vanguard:RGAGX                          2.186 RGAGX {164.67 USD, 2021-02-15}
  Assets:US:Vanguard:Cash                         -359.97 USD

2021-02-26 * "Employer match for contribution"
  Assets:US:Vanguard:Cash                          600.00 USD
  Income:US:Babble:Match401k                      -600.00 USD

2021-03-01 * "Investing 40% of cash in VBMPX"
  Assets:US:Vanguard:VBMPX                          2.285 VBMPX {210.06 USD, 2021-03-01}
  Assets:US:Vanguard:Cash                         -479.99 USD

2021-03-01 * "Investing 60% of cash in RGAGX"
  Assets:US:Vanguard:RGAGX                          4.309 RGAGX {167.10 USD, 2021-03-01}
  Assets:US:Vanguard:Cash                         -720.03 USD

2021-03-01 * "Investing 40% of cash in VBMPX"
  Assets:US:Vanguard:VBMPX                          1.142 VBMPX {210.06 USD, 2021-03-01}
  Assets:US:Vanguard:Cash                         -239.89 USD

2021-03-01 * "Investing 60% of cash in RGAGX"
  Assets:US:Vanguard:RGAGX                          2.154 RGAGX {167.10 USD, 2021-03-01}
  Assets:US:Vanguard:Cash                         -359.93 USD

2021-03-12 * "Employer match for contribution"
  Assets:US:Vanguard:Cash                          600.00 USD
  Income:US:Babble:Match401k                      -600.00 USD

2021-03-15 * "Investing 40% of cash in VBMPX"
  Assets:US:Vanguard:VBMPX                          2.260 VBMPX {212.45 USD, 2021-03-15}
  Assets:US:Vanguard:Cash                         -480.14 USD

2021-03-15 * "Investing 60% of cash in RGAGX"
  Assets:US:Vanguard:RGAGX                          4.369 RGAGX {164.81 USD, 2021-03-15}
  Assets:US:Vanguard:Cash                         -720.05 USD

2021-03-15 * "Investing 40% of cash in VBMPX"
  Assets:US:Vanguard:VBMPX                          1.130 VBMPX {212.45 USD, 2021-03-15}
  Assets:US:Vanguard:Cash                         -240.07 USD

2021-03-15 * "Investing 60% of cash in RGAGX"
  Assets:US:Vanguard:RGAGX                          2.184 RGAGX {164.81 USD, 2021-03-15}
  Assets:US:Vanguard:Cash                         -359.95 USD

2021-03-26 * "Employer match for contribution"
  Assets:US:Vanguard:Cash                          600.00 USD
  Income:US:Babble:Match401k                      -600.00 USD

2021-03-29 * "Investing 40% of cash in VBMPX"
  Assets:US:Vanguard:VBMPX                          2.259 VBMPX {212.44 USD, 2021-03-29}
  Assets:US:Vanguard:Cash                         -479.90 USD

2021-03-29 * "Investing 60% of cash in RGAGX"
  Assets:US:Vanguard:RGAGX                          4.287 RGAGX {167.94 USD, 2021-03-29}
  Assets:US:Vanguard:Cash                         -719.96 USD

2021-03-29 * "Investing 40% of cash in VBMPX"
  Assets:US:Vanguard:VBMPX                          1.130 VBMPX {212.44 USD, 2021-03-29}
  Assets:US:Vanguard:Cash                         -240.06 USD

2021-03-29 * "Investing 60% of cash in RGAGX"
  Assets:US:Vanguard:RGAGX                          2.144 RGAGX {167.94 USD, 2021-03-29}
  Assets:US:Vanguard:Cash                         -360.06 USD

2021-04-09 * "Employer match for contribution"
  Assets:US:Vanguard:Cash                          600.00 USD
  Income:US:Babble:Match401k                      -600.00 USD

2021-04-12 * "Investing 40% of cash in VBMPX"
  Assets:US:Vanguard:VBMPX                          2.299 VBMPX {208.78 USD, 2021-04-12}
  Assets:US:Vanguard:Cash                         -479.99 USD

2021-04-12 * "Investing 60% of cash in RGAGX"
  Assets:US:Vanguard:RGAGX                          4.287 RGAGX {167.94 USD, 2021-04-12}
  Assets:US:Vanguard:Cash                         -719.96 USD

2021-04-12 * "Investing 40% of cash in VBMPX"
  Assets:US:Vanguard:VBMPX                          1.150 VBMPX {208.78 USD, 2021-04-12}
  Assets:US:Vanguard:Cash                         -240.10 USD

2021-04-12 * "Investing 60% of cash in RGAGX"
  Assets:US:Vanguard:RGAGX                          2.144 RGAGX {167.94 USD, 2021-04-12}
  Assets:US:Vanguard:Cash                         -360.06 USD

2021-04-23 * "Employer match for contribution"
  Assets:US:Vanguard:Cash                          600.00 USD
  Income:US:Babble:Match401k                      -600.00 USD

2021-04-26 * "Investing 40% of cash in VBMPX"
  Assets:US:Vanguard:VBMPX                          2.313 VBMPX {207.48 USD, 2021-04-26}
  Assets:US:Vanguard:Cash                         -479.90 USD

2021-04-26 * "Investing 60% of cash in RGAGX"
  Assets:US:Vanguard:RGAGX                          4.376 RGAGX {164.52 USD, 2021-04-26}
  Assets:US:Vanguard:Cash                         -719.94 USD

2021-04-26 * "Investing 40% of cash in VBMPX"
  Assets:US:Vanguard:VBMPX                          1.157 VBMPX {207.48 USD, 2021-04-26}
  Assets:US:Vanguard:Cash                         -240.05 USD

2021-04-26 * "Investing 60% of cash in RGAGX"
  Assets:US:Vanguard:RGAGX                          2.188 RGAGX {164.52 USD, 2021-04-26}
  Assets:US:Vanguard:Cash                         -359.97 USD

2021-05-07 * "Employer match for contribution"
  Assets:US:Vanguard:Cash                          600.00 USD
  Income:US:Babble:Match401k                      -600.00 USD

2021-05-10 * "Investing 40% of cash in VBMPX"
  Assets:US:Vanguard:VBMPX                          2.337 VBMPX {205.37 USD, 2021-05-10}
  Assets:US:Vanguard:Cash                         -479.95 USD

2021-05-10 * "Investing 60% of cash in RGAGX"
  Assets:US:Vanguard:RGAGX                          4.458 RGAGX {161.52 USD, 2021-05-10}
  Assets:US:Vanguard:Cash                         -720.06 USD

2021-05-10 * "Investing 40% of cash in VBMPX"
  Assets:US:Vanguard:VBMPX                          1.169 VBMPX {205.37 USD, 2021-05-10}
  Assets:US:Vanguard:Cash                         -240.08 USD

2021-05-10 * "Investing 60% of cash in RGAGX"
  Assets:US:Vanguard:RGAGX                          2.229 RGAGX {161.52 USD, 2021-05-10}
  Assets:US:Vanguard:Cash                         -360.03 USD

2021-05-21 * "Employer match for contribution"
  Assets:US:Vanguard:Cash                          600.00 USD
  Income:US:Babble:Match401k                      -600.00 USD

2021-05-24 * "Investing 40% of cash in VBMPX"
  Assets:US:Vanguard:VBMPX                          2.284 VBMPX {210.12 USD, 2021-05-24}
  Assets:US:Vanguard:Cash                         -479.91 USD

2021-05-24 * "Investing 60% of cash in RGAGX"
  Assets:US:Vanguard:RGAGX                          4.437 RGAGX {162.27 USD, 2021-05-24}
  Assets:US:Vanguard:Cash                         -719.99 USD

2021-05-24 * "Investing 40% of cash in VBMPX"
  Assets:US:Vanguard:VBMPX                          1.142 VBMPX {210.12 USD, 2021-05-24}
  Assets:US:Vanguard:Cash                         -239.96 USD

2021-05-24 * "Investing 60% of cash in RGAGX"
  Assets:US:Vanguard:RGAGX                          2.218 RGAGX {162.27 USD, 2021-05-24}
  Assets:US:Vanguard:Cash                         -359.91 USD

2021-06-04 * "Employer match for contribution"
  Assets:US:Vanguard:Cash                          600.00 USD
  Income:US:Babble:Match401k                      -600.00 USD

2021-06-07 * "Investing 40% of cash in VBMPX"
  Assets:US:Vanguard:VBMPX                          2.299 VBMPX {208.80 USD, 2021-06-07}
  Assets:US:Vanguard:Cash                         -480.03 USD

2021-06-07 * "Investing 60% of cash in RGAGX"
  Assets:US:Vanguard:RGAGX                          4.496 RGAGX {160.15 USD, 2021-06-07}
  Assets:US:Vanguard:Cash                         -720.03 USD

2021-06-07 * "Investing 40% of cash in VBMPX"
  Assets:US:Vanguard:VBMPX                          1.150 VBMPX {208.80 USD, 2021-06-07}
  Assets:US:Vanguard:Cash                         -240.12 USD

2021-06-07 * "Investing 60% of cash in RGAGX"
  Assets:US:Vanguard:RGAGX                          2.248 RGAGX {160.15 USD, 2021-06-07}
  Assets:US:Vanguard:Cash                         -360.02 USD

2021-06-18 * "Employer match for contribution"
  Assets:US:Vanguard:Cash                          600.00 USD
  Income:US:Babble:Match401k                      -600.00 USD

2021-06-21 * "Investing 40% of cash in VBMPX"
  Assets:US:Vanguard:VBMPX                          2.346 VBMPX {204.57 USD, 2021-06-21}
  Assets:US:Vanguard:Cash                         -479.92 USD

2021-06-21 * "Investing 60% of cash in RGAGX"
  Assets:US:Vanguard:RGAGX                          4.556 RGAGX {158.02 USD, 2021-06-21}
  Assets:US:Vanguard:Cash                         -719.94 USD

2021-06-21 * "Investing 40% of cash in VBMPX"
  Assets:US:Vanguard:VBMPX                          1.173 VBMPX {204.57 USD, 2021-06-21}
  Assets:US:Vanguard:Cash                         -239.96 USD

2021-06-21 * "Investing 60% of cash in RGAGX"
  Assets:US:Vanguard:RGAGX                          2.278 RGAGX {158.02 USD, 2021-06-21}
  Assets:US:Vanguard:Cash                         -359.97 USD

2021-07-02 * "Employer match for contribution"
  Assets:US:Vanguard:Cash                          600.00 USD
  Income:US:Babble:Match401k                      -600.00 USD

2021-07-05 * "Investing 40% of cash in VBMPX"
  Assets:US:Vanguard:VBMPX                          2.442 VBMPX {196.61 USD, 2021-07-05}
  Assets:US:Vanguard:Cash                         -480.12 USD

2021-07-05 * "Investing 60% of cash in RGAGX"
  Assets:US:Vanguard:RGAGX                          4.653 RGAGX {154.77 USD, 2021-07-05}
  Assets:US:Vanguard:Cash                         -720.14 USD

2021-07-05 * "Investing 40% of cash in VBMPX"
  Assets:US:Vanguard:VBMPX                          1.220 VBMPX {196.61 USD, 2021-07-05}
  Assets:US:Vanguard:Cash                         -239.86 USD

2021-07-05 * "Investing 60% of cash in RGAGX"
  Assets:US:Vanguard:RGAGX                          2.325 RGAGX {154.77 USD, 2021-07-05}
  Assets:US:Vanguard:Cash                         -359.84 USD

2021-07-16 * "Employer match for contribution"
  Assets:US:Vanguard:Cash                          600.00 USD
  Income:US:Babble:Match401k                      -600.00 USD

2021-07-19 * "Investing 40% of cash in VBMPX"
  Assets:US:Vanguard:VBMPX                          2.452 VBMPX {195.77 USD, 2021-07-19}
  Assets:US:Vanguard:Cash                         -480.03 USD

2021-07-19 * "Investing 60% of cash in RGAGX"
  Assets:US:Vanguard:RGAGX                          4.624 RGAGX {155.74 USD, 2021-07-19}
  Assets:US:Vanguard:Cash                         -720.14 USD

2021-07-19 * "Investing 40% of cash in VBMPX"
  Assets:US:Vanguard:VBMPX                          1.226 VBMPX {195.77 USD, 2021-07-19}
  Assets:US:Vanguard:Cash                         -240.01 USD

2021-07-19 * "Investing 60% of cash in RGAGX"
  Assets:US:Vanguard:RGAGX                          2.312 RGAGX {155.74 USD, 2021-07-19}
  Assets:US:Vanguard:Cash                         -360.07 USD

2021-07-30 * "Employer match for contribution"
  Assets:US:Vanguard:Cash                          600.00 USD
  Income:US:Babble:Match401k                      -600.00 USD

2021-08-02 * "Investing 40% of cash in VBMPX"
  Assets:US:Vanguard:VBMPX                          2.421 VBMPX {198.29 USD, 2021-08-02}
  Assets:US:Vanguard:Cash                         -480.06 USD

2021-08-02 * "Investing 60% of cash in RGAGX"
  Assets:US:Vanguard:RGAGX                          4.508 RGAGX {159.72 USD, 2021-08-02}
  Assets:US:Vanguard:Cash                         -720.02 USD

2021-08-02 * "Investing 40% of cash in VBMPX"
  Assets:US:Vanguard:VBMPX                          1.210 VBMPX {198.29 USD, 2021-08-02}
  Assets:US:Vanguard:Cash                         -239.93 USD

2021-08-02 * "Investing 60% of cash in RGAGX"
  Assets:US:Vanguard:RGAGX                          2.253 RGAGX {159.72 USD, 2021-08-02}
  Assets:US:Vanguard:Cash                         -359.85 USD

2021-08-13 * "Employer match for contribution"
  Assets:US:Vanguard:Cash                          250.00 USD
  Income:US:Babble:Match401k                      -250.00 USD

2021-08-16 * "Investing 40% of cash in VBMPX"
  Assets:US:Vanguard:VBMPX                          0.998 VBMPX {200.43 USD, 2021-08-16}
  Assets:US:Vanguard:Cash                         -200.03 USD

2021-08-16 * "Investing 60% of cash in RGAGX"
  Assets:US:Vanguard:RGAGX                          1.853 RGAGX {161.91 USD, 2021-08-16}
  Assets:US:Vanguard:Cash                         -300.02 USD

2021-08-16 * "Investing 40% of cash in VBMPX"
  Assets:US:Vanguard:VBMPX                          0.499 VBMPX {200.43 USD, 2021-08-16}
  Assets:US:Vanguard:Cash                         -100.01 USD

2021-08-16 * "Investing 60% of cash in RGAGX"
  Assets:US:Vanguard:RGAGX                          0.926 RGAGX {161.91 USD, 2021-08-16}
  Assets:US:Vanguard:Cash                         -149.93 USD

2022-01-14 * "Employer match for contribution"
  Assets:US:Vanguard:Cash                          600.00 USD
  Income:US:Babble:Match401k                      -600.00 USD

2022-01-17 * "Investing 40% of cash in VBMPX"
  Assets:US:Vanguard:VBMPX                          2.244 VBMPX {213.90 USD, 2022-01-17}
  Assets:US:Vanguard:Cash                         -479.99 USD

2022-01-17 * "Investing 60% of cash in RGAGX"
  Assets:US:Vanguard:RGAGX                          4.360 RGAGX {165.15 USD, 2022-01-17}
  Assets:US:Vanguard:Cash                         -720.05 USD

2022-01-17 * "Investing 40% of cash in VBMPX"
  Assets:US:Vanguard:VBMPX                          1.122 VBMPX {213.90 USD, 2022-01-17}
  Assets:US:Vanguard:Cash                         -240.00 USD

2022-01-17 * "Investing 60% of cash in RGAGX"
  Assets:US:Vanguard:RGAGX                          2.180 RGAGX {165.15 USD, 2022-01-17}
  Assets:US:Vanguard:Cash                         -360.03 USD



* Sources of Income

2020-01-01 open Income:US:Babble:Salary                      USD
2020-01-01 open Income:US:Babble:GroupTermLife               USD
2020-01-01 open Income:US:Babble:Vacation                    VACHR
2020-01-01 open Assets:US:Babble:Vacation                    VACHR
2020-01-01 open Expenses:Vacation                               VACHR
2020-01-01 open Expenses:Health:Life:GroupTermLife
2020-01-01 open Expenses:Health:Medical:Insurance
2020-01-01 open Expenses:Health:Dental:Insurance
2020-01-01 open Expenses:Health:Vision:Insurance

2020-01-01 event "employer" "Babble, 1 Continuous Loop, Bupertina, CA"

2020-01-02 * "Babble" "Payroll"
  Assets:US:BofA:Checking                         1350.60 USD
  Assets:US:Vanguard:Cash                         1200.00 USD
  Income:US:Babble:Salary                        -4615.38 USD
  Income:US:Babble:GroupTermLife                   -24.32 USD
  Expenses:Health:Life:GroupTermLife                24.32 USD
  Expenses:Health:Dental:Insurance                   2.90 USD
  Expenses:Health:Medical:Insurance                 27.38 USD
  Expenses:Health:Vision:Insurance                  42.30 USD
  Expenses:Taxes:Y2020:US:Medicare                 106.62 USD
  Expenses:Taxes:Y2020:US:Federal                 1062.92 USD
  Expenses:Taxes:Y2020:US:State                    365.08 USD
  Expenses:Taxes:Y2020:US:CityNYC                  174.92 USD
  Expenses:Taxes:Y2020:US:SDI                        1.12 USD
  Expenses:Taxes:Y2020:US:SocSec                   281.54 USD
  Assets:US:Federal:PreTax401k                   -1200.00 IRAUSD
  Expenses:Taxes:Y2020:US:Federal:PreTax401k      1200.00 IRAUSD
  Assets:US:Babble:Vacation                             5 VACHR
  Income:US:Babble:Vacation                            -5 VACHR

2020-01-16 * "Babble" "Payroll"
  Assets:US:BofA:Checking                         1350.60 USD
  Assets:US:Vanguard:Cash                         1200.00 USD
  Income:US:Babble:Salary                        -4615.38 USD
  Income:US:Babble:GroupTermLife                   -24.32 USD
  Expenses:Health:Life:GroupTermLife                24.32 USD
  Expenses:Health:Dental:Insurance                   2.90 USD
  Expenses:Health:Medical:Insurance                 27.38 USD
  Expenses:Health:Vision:Insurance                  42.30 USD
  Expenses:Taxes:Y2020:US:Medicare                 106.62 USD
  Expenses:Taxes:Y2020:US:Federal                 1062.92 USD
  Expenses:Taxes:Y2020:US:State                    365.08 USD
  Expenses:Taxes:Y2020:US:CityNYC                  174.92 USD
  Expenses:Taxes:Y2020:US:SDI                        1.12 USD
  Expenses:Taxes:Y2020:US:SocSec                   281.54 USD
  Assets:US:Federal:PreTax401k                   -1200.00 IRAUSD
  Expenses:Taxes:Y2020:US:Federal:PreTax401k      1200.00 IRAUSD
  Assets:US:Babble:Vacation                             5 VACHR
  Income:US:Babble:Vacation                            -5 VACHR

2020-01-30 * "Babble" "Payroll"
  Assets:US:BofA:Checking                         1350.60 USD
  Assets:US:Vanguard:Cash                         1200.00 USD
  Income:US:Babble:Salary                        -4615.38 USD
  Income:US:Babble:GroupTermLife                   -24.32 USD
  Expenses:Health:Life:GroupTermLife                24.32 USD
  Expenses:Health:Dental:Insurance                   2.90 USD
  Expenses:Health:Medical:Insurance                 27.38 USD
  Expenses:Health:Vision:Insurance                  42.30 USD
  Expenses:Taxes:Y2020:US:Medicare                 106.62 USD
  Expenses:Taxes:Y2020:US:Federal                 1062.92 USD
  Expenses:Taxes:Y2020:US:State                    365.08 USD
  Expenses:Taxes:Y2020:US:CityNYC                  174.92 USD
  Expenses:Taxes:Y2020:US:SDI                        1.12 USD
  Expenses:Taxes:Y2020:US:SocSec                   281.54 USD
  Assets:US:Federal:PreTax401k                   -1200.00 IRAUSD
  Expenses:Taxes:Y2020:US:Federal:PreTax401k      1200.00 IRAUSD
  Assets:US:Babble:Vacation                             5 VACHR
  Income:US:Babble:Vacation                            -5 VACHR

2020-02-13 * "Babble" "Payroll"
  Assets:US:BofA:Checking                         1350.60 USD
  Assets:US:Vanguard:Cash                         1200.00 USD
  Income:US:Babble:Salary                        -4615.38 USD
  Income:US:Babble:GroupTermLife                   -24.32 USD
  Expenses:Health:Life:GroupTermLife                24.32 USD
  Expenses:Health:Dental:Insurance                   2.90 USD
  Expenses:Health:Medical:Insurance                 27.38 USD
  Expenses:Health:Vision:Insurance                  42.30 USD
  Expenses:Taxes:Y2020:US:Medicare                 106.62 USD
  Expenses:Taxes:Y2020:US:Federal                 1062.92 USD
  Expenses:Taxes:Y2020:US:State                    365.08 USD
  Expenses:Taxes:Y2020:US:CityNYC                  174.92 USD
  Expenses:Taxes:Y2020:US:SDI                        1.12 USD
  Expenses:Taxes:Y2020:US:SocSec                   281.54 USD
  Assets:US:Federal:PreTax401k                   -1200.00 IRAUSD
  Expenses:Taxes:Y2020:US:Federal:PreTax401k      1200.00 IRAUSD
  Assets:US:Babble:Vacation                             5 VACHR
  Income:US:Babble:Vacation                            -5 VACHR

2020-02-27 * "Babble" "Payroll"
  Assets:US:BofA:Checking                         1350.60 USD
  Assets:US:Vanguard:Cash                         1200.00 USD
  Income:US:Babble:Salary                        -4615.38 USD
  Income:US:Babble:GroupTermLife                   -24.32 USD
  Expenses:Health:Life:GroupTermLife                24.32 USD
  Expenses:Health:Dental:Insurance                   2.90 USD
  Expenses:Health:Medical:Insurance                 27.38 USD
  Expenses:Health:Vision:Insurance                  42.30 USD
  Expenses:Taxes:Y2020:US:Medicare                 106.62 USD
  Expenses:Taxes:Y2020:US:Federal                 1062.92 USD
  Expenses:Taxes:Y2020:US:State                    365.08 USD
  Expenses:Taxes:Y2020:US:CityNYC                  174.92 USD
  Expenses:Taxes:Y2020:US:SDI                        1.12 USD
  Expenses:Taxes:Y2020:US:SocSec                   281.54 USD
  Assets:US:Federal:PreTax401k                   -1200.00 IRAUSD
  Expenses:Taxes:Y2020:US:Federal:PreTax401k      1200.00 IRAUSD
  Assets:US:Babble:Vacation                             5 VACHR
  Income:US:Babble:Vacation                            -5 VACHR

2020-03-12 * "Babble" "Payroll"
  Assets:US:BofA:Checking                         1350.60 USD
  Assets:US:Vanguard:Cash                         1200.00 USD
  Income:US:Babble:Salary                        -4615.38 USD
  Income:US:Babble:GroupTermLife                   -24.32 USD
  Expenses:Health:Life:GroupTermLife                24.32 USD
  Expenses:Health:Dental:Insurance                   2.90 USD
  Expenses:Health:Medical:Insurance                 27.38 USD
  Expenses:Health:Vision:Insurance                  42.30 USD
  Expenses:Taxes:Y2020:US:Medicare                 106.62 USD
  Expenses:Taxes:Y2020:US:Federal                 1062.92 USD
  Expenses:Taxes:Y2020:US:State                    365.08 USD
  Expenses:Taxes:Y2020:US:CityNYC                  174.92 USD
  Expenses:Taxes:Y2020:US:SDI                        1.12 USD
  Expenses:Taxes:Y2020:US:SocSec                   281.54 USD
  Assets:US:Federal:PreTax401k                   -1200.00 IRAUSD
  Expenses:Taxes:Y2020:US:Federal:PreTax401k      1200.00 IRAUSD
  Assets:US:Babble:Vacation                             5 VACHR
  Income:US:Babble:Vacation                            -5 VACHR

2020-03-26 * "Babble" "Payroll"
  Assets:US:BofA:Checking                         1350.60 USD
  Assets:US:Vanguard:Cash                         1200.00 USD
  Income:US:Babble:Salary                        -4615.38 USD
  Income:US:Babble:GroupTermLife                   -24.32 USD
  Expenses:Health:Life:GroupTermLife                24.32 USD
  Expenses:Health:Dental:Insurance                   2.90 USD
  Expenses:Health:Medical:Insurance                 27.38 USD
  Expenses:Health:Vision:Insurance                  42.30 USD
  Expenses:Taxes:Y2020:US:Medicare                 106.62 USD
  Expenses:Taxes:Y2020:US:Federal                 1062.92 USD
  Expenses:Taxes:Y2020:US:State                    365.08 USD
  Expenses:Taxes:Y2020:US:CityNYC                  174.92 USD
  Expenses:Taxes:Y2020:US:SDI                        1.12 USD
  Expenses:Taxes:Y2020:US:SocSec                   281.54 USD
  Assets:US:Federal:PreTax401k                   -1200.00 IRAUSD
  Expenses:Taxes:Y2020:US:Federal:PreTax401k      1200.00 IRAUSD
  Assets:US:Babble:Vacation                             5 VACHR
  Income:US:Babble:Vacation                            -5 VACHR

2020-04-09 * "Babble" "Payroll"
  Assets:US:BofA:Checking                         1350.60 USD
  Assets:US:Vanguard:Cash                         1200.00 USD
  Income:US:Babble:Salary                        -4615.38 USD
  Income:US:Babble:GroupTermLife                   -24.32 USD
  Expenses:Health:Life:GroupTermLife                24.32 USD
  Expenses:Health:Dental:Insurance                   2.90 USD
  Expenses:Health:Medical:Insurance                 27.38 USD
  Expenses:Health:Vision:Insurance                  42.30 USD
  Expenses:Taxes:Y2020:US:Medicare                 106.62 USD
  Expenses:Taxes:Y2020:US:Federal                 1062.92 USD
  Expenses:Taxes:Y2020:US:State                    365.08 USD
  Expenses:Taxes:Y2020:US:CityNYC                  174.92 USD
  Expenses:Taxes:Y2020:US:SDI                        1.12 USD
  Expenses:Taxes:Y2020:US:SocSec                   281.54 USD
  Assets:US:Federal:PreTax401k                   -1200.00 IRAUSD
  Expenses:Taxes:Y2020:US:Federal:PreTax401k      1200.00 IRAUSD
  Assets:US:Babble:Vacation                             5 VACHR
  Income:US:Babble:Vacation                            -5 VACHR

2020-04-23 * "Babble" "Payroll"
  Assets:US:BofA:Checking                         1350.60 USD
  Assets:US:Vanguard:Cash                         1200.00 USD
  Income:US:Babble:Salary                        -4615.38 USD
  Income:US:Babble:GroupTermLife                   -24.32 USD
  Expenses:Health:Life:GroupTermLife                24.32 USD
  Expenses:Health:Dental:Insurance                   2.90 USD
  Expenses:Health:Medical:Insurance                 27.38 USD
  Expenses:Health:Vision:Insurance                  42.30 USD
  Expenses:Taxes:Y2020:US:Medicare                 106.62 USD
  Expenses:Taxes:Y2020:US:Federal                 1062.92 USD
  Expenses:Taxes:Y2020:US:State                    365.08 USD
  Expenses:Taxes:Y2020:US:CityNYC                  174.92 USD
  Expenses:Taxes:Y2020:US:SDI                        1.12 USD
  Expenses:Taxes:Y2020:US:SocSec                   281.54 USD
  Assets:US:Federal:PreTax401k                   -1200.00 IRAUSD
  Expenses:Taxes:Y2020:US:Federal:PreTax401k      1200.00 IRAUSD
  Assets:US:Babble:Vacation                             5 VACHR
  Income:US:Babble:Vacation                            -5 VACHR

2020-05-07 * "Babble" "Payroll"
  Assets:US:BofA:Checking                         1350.60 USD
  Assets:US:Vanguard:Cash                         1200.00 USD
  Income:US:Babble:Salary                        -4615.38 USD
  Income:US:Babble:GroupTermLife                   -24.32 USD
  Expenses:Health:Life:GroupTermLife                24.32 USD
  Expenses:Health:Dental:Insurance                   2.90 USD
  Expenses:Health:Medical:Insurance                 27.38 USD
  Expenses:Health:Vision:Insurance                  42.30 USD
  Expenses:Taxes:Y2020:US:Medicare                 106.62 USD
  Expenses:Taxes:Y2020:US:Federal                 1062.92 USD
  Expenses:Taxes:Y2020:US:State                    365.08 USD
  Expenses:Taxes:Y2020:US:CityNYC                  174.92 USD
  Expenses:Taxes:Y2020:US:SDI                        1.12 USD
  Expenses:Taxes:Y2020:US:SocSec                   281.54 USD
  Assets:US:Federal:PreTax401k                   -1200.00 IRAUSD
  Expenses:Taxes:Y2020:US:Federal:PreTax401k      1200.00 IRAUSD
  Assets:US:Babble:Vacation                             5 VACHR
  Income:US:Babble:Vacation                            -5 VACHR

2020-05-21 * "Babble" "Payroll"
  Assets:US:BofA:Checking                         1350.60 USD
  Assets:US:Vanguard:Cash                         1200.00 USD
  Income:US:Babble:Salary                        -4615.38 USD
  Income:US:Babble:GroupTermLife                   -24.32 USD
  Expenses:Health:Life:GroupTermLife                24.32 USD
  Expenses:Health:Dental:Insurance                   2.90 USD
  Expenses:Health:Medical:Insurance                 27.38 USD
  Expenses:Health:Vision:Insurance                  42.30 USD
  Expenses:Taxes:Y2020:US:Medicare                 106.62 USD
  Expenses:Taxes:Y2020:US:Federal                 1062.92 USD
  Expenses:Taxes:Y2020:US:State                    365.08 USD
  Expenses:Taxes:Y2020:US:CityNYC                  174.92 USD
  Expenses:Taxes:Y2020:US:SDI                        1.12 USD
  Expenses:Taxes:Y2020:US:SocSec                   281.54 USD
  Assets:US:Federal:PreTax401k                   -1200.00 IRAUSD
  Expenses:Taxes:Y2020:US:Federal:PreTax401k      1200.00 IRAUSD
  Assets:US:Babble:Vacation                             5 VACHR
  Income:US:Babble:Vacation                            -5 VACHR

2020-06-04 * "Babble" "Payroll"
  Assets:US:BofA:Checking                         1350.60 USD
  Assets:US:Vanguard:Cash                         1200.00 USD
  Income:US:Babble:Salary                        -4615.38 USD
  Income:US:Babble:GroupTermLife                   -24.32 USD
  Expenses:Health:Life:GroupTermLife                24.32 USD
  Expenses:Health:Dental:Insurance                   2.90 USD
  Expenses:Health:Medical:Insurance                 27.38 USD
  Expenses:Health:Vision:Insurance                  42.30 USD
  Expenses:Taxes:Y2020:US:Medicare                 106.62 USD
  Expenses:Taxes:Y2020:US:Federal                 1062.92 USD
  Expenses:Taxes:Y2020:US:State                    365.08 USD
  Expenses:Taxes:Y2020:US:CityNYC                  174.92 USD
  Expenses:Taxes:Y2020:US:SDI                        1.12 USD
  Expenses:Taxes:Y2020:US:SocSec                   281.54 USD
  Assets:US:Federal:PreTax401k                   -1200.00 IRAUSD
  Expenses:Taxes:Y2020:US:Federal:PreTax401k      1200.00 IRAUSD
  Assets:US:Babble:Vacation                             5 VACHR
  Income:US:Babble:Vacation                            -5 VACHR

2020-06-18 * "Babble" "Payroll"
  Assets:US:BofA:Checking                         1350.60 USD
  Assets:US:Vanguard:Cash                         1200.00 USD
  Income:US:Babble:Salary                        -4615.38 USD
  Income:US:Babble:GroupTermLife                   -24.32 USD
  Expenses:Health:Life:GroupTermLife                24.32 USD
  Expenses:Health:Dental:Insurance                   2.90 USD
  Expenses:Health:Medical:Insurance                 27.38 USD
  Expenses:Health:Vision:Insurance                  42.30 USD
  Expenses:Taxes:Y2020:US:Medicare                 106.62 USD
  Expenses:Taxes:Y2020:US:Federal                 1062.92 USD
  Expenses:Taxes:Y2020:US:State                    365.08 USD
  Expenses:Taxes:Y2020:US:CityNYC                  174.92 USD
  Expenses:Taxes:Y2020:US:SDI                        1.12 USD
  Expenses:Taxes:Y2020:US:SocSec                   281.54 USD
  Assets:US:Federal:PreTax401k                   -1200.00 IRAUSD
  Expenses:Taxes:Y2020:US:Federal:PreTax401k      1200.00 IRAUSD
  Assets:US:Babble:Vacation                             5 VACHR
  Income:US:Babble:Vacation                            -5 VACHR

2020-07-02 * "Babble" "Payroll"
  Assets:US:BofA:Checking                         1350.60 USD
  Assets:US:Vanguard:Cash                         1200.00 USD
  Income:US:Babble:Salary                        -4615.38 USD
  Income:US:Babble:GroupTermLife                   -24.32 USD
  Expenses:Health:Life:GroupTermLife                24.32 USD
  Expenses:Health:Dental:Insurance                   2.90 USD
  Expenses:Health:Medical:Insurance                 27.38 USD
  Expenses:Health:Vision:Insurance                  42.30 USD
  Expenses:Taxes:Y2020:US:Medicare                 106.62 USD
  Expenses:Taxes:Y2020:US:Federal                 1062.92 USD
  Expenses:Taxes:Y2020:US:State                    365.08 USD
  Expenses:Taxes:Y2020:US:CityNYC                  174.92 USD
  Expenses:Taxes:Y2020:US:SDI                        1.12 USD
  Expenses:Taxes:Y2020:US:SocSec                   281.54 USD
  Assets:US:Federal:PreTax401k                   -1200.00 IRAUSD
  Expenses:Taxes:Y2020:US:Federal:PreTax401k      1200.00 IRAUSD
  Assets:US:Babble:Vacation                             5 VACHR
  Income:US:Babble:Vacation                            -5 VACHR

2020-07-16 * "Babble" "Payroll"
  Assets:US:BofA:Checking                         1350.60 USD
  Assets:US:Vanguard:Cash                         1200.00 USD
  Income:US:Babble:Salary                        -4615.38 USD
  Income:US:Babble:GroupTermLife                   -24.32 USD
  Expenses:Health:Life:GroupTermLife                24.32 USD
  Expenses:Health:Dental:Insurance                   2.90 USD
  Expenses:Health:Medical:Insurance                 27.38 USD
  Expenses:Health:Vision:Insurance                  42.30 USD
  Expenses:Taxes:Y2020:US:Medicare                 106.62 USD
  Expenses:Taxes:Y2020:US:Federal                 1062.92 USD
  Expenses:Taxes:Y2020:US:State                    365.08 USD
  Expenses:Taxes:Y2020:US:CityNYC                  174.92 USD
  Expenses:Taxes:Y2020:US:SDI                        1.12 USD
  Expenses:Taxes:Y2020:US:SocSec                   281.54 USD
  Assets:US:Federal:PreTax401k                   -1200.00 IRAUSD
  Expenses:Taxes:Y2020:US:Federal:PreTax401k      1200.00 IRAUSD
  Assets:US:Babble:Vacation                             5 VACHR
  Income:US:Babble:Vacation                            -5 VACHR

2020-07-30 * "Babble" "Payroll"
  Assets:US:BofA:Checking                         2050.60 USD
  Assets:US:Vanguard:Cash                          500.00 USD
  Income:US:Babble:Salary                        -4615.38 USD
  Income:US:Babble:GroupTermLife                   -24.32 USD
  Expenses:Health:Life:GroupTermLife                24.32 USD
  Expenses:Health:Dental:Insurance                   2.90 USD
  Expenses:Health:Medical:Insurance                 27.38 USD
  Expenses:Health:Vision:Insurance                  42.30 USD
  Expenses:Taxes:Y2020:US:Medicare                 106.62 USD
  Expenses:Taxes:Y2020:US:Federal                 1062.92 USD
  Expenses:Taxes:Y2020:US:State                    365.08 USD
  Expenses:Taxes:Y2020:US:CityNYC                  174.92 USD
  Expenses:Taxes:Y2020:US:SDI                        1.12 USD
  Expenses:Taxes:Y2020:US:SocSec                   281.54 USD
  Assets:US:Federal:PreTax401k                    -500.00 IRAUSD
  Expenses:Taxes:Y2020:US:Federal:PreTax401k       500.00 IRAUSD
  Assets:US:Babble:Vacation                             5 VACHR
  Income:US:Babble:Vacation                            -5 VACHR

2020-08-13 * "Babble" "Payroll"
  Assets:US:BofA:Checking                         2550.60 USD
  Income:US:Babble:Salary                        -4615.38 USD
  Income:US:Babble:GroupTermLife                   -24.32 USD
  Expenses:Health:Life:GroupTermLife                24.32 USD
  Expenses:Health:Dental:Insurance                   2.90 USD
  Expenses:Health:Medical:Insurance                 27.38 USD
  Expenses:Health:Vision:Insurance                  42.30 USD
  Expenses:Taxes:Y2020:US:Medicare                 106.62 USD
  Expenses:Taxes:Y2020:US:Federal                 1062.92 USD
  Expenses:Taxes:Y2020:US:State                    365.08 USD
  Expenses:Taxes:Y2020:US:CityNYC                  174.92 USD
  Expenses:Taxes:Y2020:US:SDI                        1.12 USD
  Expenses:Taxes:Y2020:US:SocSec                   281.54 USD
  Assets:US:Federal:PreTax401k                       0.00 IRAUSD
  Assets:US:Babble:Vacation                             5 VACHR
  Income:US:Babble:Vacation                            -5 VACHR

2020-08-27 * "Babble" "Payroll"
  Assets:US:BofA:Checking                         2550.60 USD
  Income:US:Babble:Salary                        -4615.38 USD
  Income:US:Babble:GroupTermLife                   -24.32 USD
  Expenses:Health:Life:GroupTermLife                24.32 USD
  Expenses:Health:Dental:Insurance                   2.90 USD
  Expenses:Health:Medical:Insurance                 27.38 USD
  Expenses:Health:Vision:Insurance                  42.30 USD
  Expenses:Taxes:Y2020:US:Medicare                 106.62 USD
  Expenses:Taxes:Y2020:US:Federal                 1062.92 USD
  Expenses:Taxes:Y2020:US:State                    365.08 USD
  Expenses:Taxes:Y2020:US:CityNYC                  174.92 USD
  Expenses:Taxes:Y2020:US:SDI                        1.12 USD
  Expenses:Taxes:Y2020:US:SocSec                   281.54 USD
  Assets:US:Federal:PreTax401k                       0.00 IRAUSD
  Assets:US:Babble:Vacation                             5 VACHR
  Income:US:Babble:Vacation                            -5 VACHR

2020-09-10 * "Babble" "Payroll"
  Assets:US:BofA:Checking                         2550.60 USD
  Income:US:Babble:Salary                        -4615.38 USD
  Income:US:Babble:GroupTermLife                   -24.32 USD
  Expenses:Health:Life:GroupTermLife                24.32 USD
  Expenses:Health:Dental:Insurance                   2.90 USD
  Expenses:Health:Medical:Insurance                 27.38 USD
  Expenses:Health:Vision:Insurance                  42.30 USD
  Expenses:Taxes:Y2020:US:Medicare                 106.62 USD
  Expenses:Taxes:Y2020:US:Federal                 1062.92 USD
  Expenses:Taxes:Y2020:US:State                    365.08 USD
  Expenses:Taxes:Y2020:US:CityNYC                  174.92 USD
  Expenses:Taxes:Y2020:US:SDI                        1.12 USD
  Expenses:Taxes:Y2020:US:SocSec                   281.54 USD
  Assets:US:Federal:PreTax401k                       0.00 IRAUSD
  Assets:US:Babble:Vacation                             5 VACHR
  Income:US:Babble:Vacation                            -5 VACHR

2020-09-24 * "Babble" "Payroll"
  Assets:US:BofA:Checking                         2550.60 USD
  Income:US:Babble:Salary                        -4615.38 USD
  Income:US:Babble:GroupTermLife                   -24.32 USD
  Expenses:Health:Life:GroupTermLife                24.32 USD
  Expenses:Health:Dental:Insurance                   2.90 USD
  Expenses:Health:Medical:Insurance                 27.38 USD
  Expenses:Health:Vision:Insurance                  42.30 USD
  Expenses:Taxes:Y2020:US:Medicare                 106.62 USD
  Expenses:Taxes:Y2020:US:Federal                 1062.92 USD
  Expenses:Taxes:Y2020:US:State                    365.08 USD
  Expenses:Taxes:Y2020:US:CityNYC                  174.92 USD
  Expenses:Taxes:Y2020:US:SDI                        1.12 USD
  Expenses:Taxes:Y2020:US:SocSec                   281.54 USD
  Assets:US:Federal:PreTax401k                       0.00 IRAUSD
  Assets:US:Babble:Vacation                             5 VACHR
  Income:US:Babble:Vacation                            -5 VACHR

2020-10-08 * "Babble" "Payroll"
  Assets:US:BofA:Checking                         2550.60 USD
  Income:US:Babble:Salary                        -4615.38 USD
  Income:US:Babble:GroupTermLife                   -24.32 USD
  Expenses:Health:Life:GroupTermLife                24.32 USD
  Expenses:Health:Dental:Insurance                   2.90 USD
  Expenses:Health:Medical:Insurance                 27.38 USD
  Expenses:Health:Vision:Insurance                  42.30 USD
  Expenses:Taxes:Y2020:US:Medicare                 106.62 USD
  Expenses:Taxes:Y2020:US:Federal                 1062.92 USD
  Expenses:Taxes:Y2020:US:State                    365.08 USD
  Expenses:Taxes:Y2020:US:CityNYC                  174.92 USD
  Expenses:Taxes:Y2020:US:SDI                        1.12 USD
  Expenses:Taxes:Y2020:US:SocSec                   281.54 USD
  Assets:US:Federal:PreTax401k                       0.00 IRAUSD
  Assets:US:Babble:Vacation                             5 VACHR
  Income:US:Babble:Vacation                            -5 VACHR

2020-10-22 * "Babble" "Payroll"
  Assets:US:BofA:Checking                         2550.60 USD
  Income:US:Babble:Salary                        -4615.38 USD
  Income:US:Babble:GroupTermLife                   -24.32 USD
  Expenses:Health:Life:GroupTermLife                24.32 USD
  Expenses:Health:Dental:Insurance                   2.90 USD
  Expenses:Health:Medical:Insurance                 27.38 USD
  Expenses:Health:Vision:Insurance                  42.30 USD
  Expenses:Taxes:Y2020:US:Medicare                 106.62 USD
  Expenses:Taxes:Y2020:US:Federal                 1062.92 USD
  Expenses:Taxes:Y2020:US:State                    365.08 USD
  Expenses:Taxes:Y2020:US:CityNYC                  174.92 USD
  Expenses:Taxes:Y2020:US:SDI                        1.12 USD
  Expenses:Taxes:Y2020:US:SocSec                   281.54 USD
  Assets:US:Federal:PreTax401k                       0.00 IRAUSD
  Assets:US:Babble:Vacation                             5 VACHR
  Income:US:Babble:Vacation                            -5 VACHR

2020-11-05 * "Babble" "Payroll"
  Assets:US:BofA:Checking                         2550.60 USD
  Income:US:Babble:Salary                        -4615.38 USD
  Income:US:Babble:GroupTermLife                   -24.32 USD
  Expenses:Health:Life:GroupTermLife                24.32 USD
  Expenses:Health:Dental:Insurance                   2.90 USD
  Expenses:Health:Medical:Insurance                 27.38 USD
  Expenses:Health:Vision:Insurance                  42.30 USD
  Expenses:Taxes:Y2020:US:Medicare                 106.62 USD
  Expenses:Taxes:Y2020:US:Federal                 1062.92 USD
  Expenses:Taxes:Y2020:US:State                    365.08 USD
  Expenses:Taxes:Y2020:US:CityNYC                  174.92 USD
  Expenses:Taxes:Y2020:US:SDI                        1.12 USD
  Expenses:Taxes:Y2020:US:SocSec                   281.54 USD
  Assets:US:Federal:PreTax401k                       0.00 IRAUSD
  Assets:US:Babble:Vacation                             5 VACHR
  Income:US:Babble:Vacation                            -5 VACHR

2020-11-19 * "Babble" "Payroll"
  Assets:US:BofA:Checking                         2550.60 USD
  Income:US:Babble:Salary                        -4615.38 USD
  Income:US:Babble:GroupTermLife                   -24.32 USD
  Expenses:Health:Life:GroupTermLife                24.32 USD
  Expenses:Health:Dental:Insurance                   2.90 USD
  Expenses:Health:Medical:Insurance                 27.38 USD
  Expenses:Health:Vision:Insurance                  42.30 USD
  Expenses:Taxes:Y2020:US:Medicare                 106.62 USD
  Expenses:Taxes:Y2020:US:Federal                 1062.92 USD
  Expenses:Taxes:Y2020:US:State                    365.08 USD
  Expenses:Taxes:Y2020:US:CityNYC                  174.92 USD
  Expenses:Taxes:Y2020:US:SDI                        1.12 USD
  Expenses:Taxes:Y2020:US:SocSec                   281.54 USD
  Assets:US:Federal:PreTax401k                       0.00 IRAUSD
  Assets:US:Babble:Vacation                             5 VACHR
  Income:US:Babble:Vacation                            -5 VACHR

2020-12-03 * "Babble" "Payroll"
  Assets:US:BofA:Checking                         2589.06 USD
  Income:US:Babble:Salary                        -4615.38 USD
  Income:US:Babble:GroupTermLife                   -24.32 USD
  Expenses:Health:Life:GroupTermLife                24.32 USD
  Expenses:Health:Dental:Insurance                   2.90 USD
  Expenses:Health:Medical:Insurance                 27.38 USD
  Expenses:Health:Vision:Insurance                  42.30 USD
  Expenses:Taxes:Y2020:US:Medicare                 106.62 USD
  Expenses:Taxes:Y2020:US:Federal                 1062.92 USD
  Expenses:Taxes:Y2020:US:State                    365.08 USD
  Expenses:Taxes:Y2020:US:CityNYC                  174.92 USD
  Expenses:Taxes:Y2020:US:SDI                        1.12 USD
  Expenses:Taxes:Y2020:US:SocSec                   243.08 USD
  Assets:US:Federal:PreTax401k                       0.00 IRAUSD
  Assets:US:Babble:Vacation                             5 VACHR
  Income:US:Babble:Vacation                            -5 VACHR

2020-12-17 * "Babble" "Payroll"
  Assets:US:BofA:Checking                         2832.14 USD
  Income:US:Babble:Salary                        -4615.38 USD
  Income:US:Babble:GroupTermLife                   -24.32 USD
  Expenses:Health:Life:GroupTermLife                24.32 USD
  Expenses:Health:Dental:Insurance                   2.90 USD
  Expenses:Health:Medical:Insurance                 27.38 USD
  Expenses:Health:Vision:Insurance                  42.30 USD
  Expenses:Taxes:Y2020:US:Medicare                 106.62 USD
  Expenses:Taxes:Y2020:US:Federal                 1062.92 USD
  Expenses:Taxes:Y2020:US:State                    365.08 USD
  Expenses:Taxes:Y2020:US:CityNYC                  174.92 USD
  Expenses:Taxes:Y2020:US:SDI                        1.12 USD
  Expenses:Taxes:Y2020:US:SocSec                     0.00 USD
  Assets:US:Federal:PreTax401k                       0.00 IRAUSD
  Assets:US:Babble:Vacation                             5 VACHR
  Income:US:Babble:Vacation                            -5 VACHR

2020-12-31 * "Babble" "Payroll"
  Assets:US:BofA:Checking                         2832.14 USD
  Income:US:Babble:Salary                        -4615.38 USD
  Income:US:Babble:GroupTermLife                   -24.32 USD
  Expenses:Health:Life:GroupTermLife                24.32 USD
  Expenses:Health:Dental:Insurance                   2.90 USD
  Expenses:Health:Medical:Insurance                 27.38 USD
  Expenses:Health:Vision:Insurance                  42.30 USD
  Expenses:Taxes:Y2020:US:Medicare                 106.62 USD
  Expenses:Taxes:Y2020:US:Federal                 1062.92 USD
  Expenses:Taxes:Y2020:US:State                    365.08 USD
  Expenses:Taxes:Y2020:US:CityNYC                  174.92 USD
  Expenses:Taxes:Y2020:US:SDI                        1.12 USD
  Expenses:Taxes:Y2020:US:SocSec                     0.00 USD
  Assets:US:Federal:PreTax401k                       0.00 IRAUSD
  Assets:US:Babble:Vacation                             5 VACHR
  Income:US:Babble:Vacation                            -5 VACHR

2021-01-14 * "Babble" "Payroll"
  Assets:US:BofA:Checking                         1350.60 USD
  Assets:US:Vanguard:Cash                         1200.00 USD
  Income:US:Babble:Salary                        -4615.38 USD
  Income:US:Babble:GroupTermLife                   -24.32 USD
  Expenses:Health:Life:GroupTermLife                24.32 USD
  Expenses:Health:Dental:Insurance                   2.90 USD
  Expenses:Health:Medical:Insurance                 27.38 USD
  Expenses:Health:Vision:Insurance                  42.30 USD
  Expenses:Taxes:Y2021:US:Medicare                 106.62 USD
  Expenses:Taxes:Y2021:US:Federal                 1062.92 USD
  Expenses:Taxes:Y2021:US:State                    365.08 USD
  Expenses:Taxes:Y2021:US:CityNYC                  174.92 USD
  Expenses:Taxes:Y2021:US:SDI                        1.12 USD
  Expenses:Taxes:Y2021:US:SocSec                   281.54 USD
  Assets:US:Federal:PreTax401k                   -1200.00 IRAUSD
  Expenses:Taxes:Y2021:US:Federal:PreTax401k      1200.00 IRAUSD
  Assets:US:Babble:Vacation                             5 VACHR
  Income:US:Babble:Vacation                            -5 VACHR

2021-01-28 * "Babble" "Payroll"
  Assets:US:BofA:Checking                         1350.60 USD
  Assets:US:Vanguard:Cash                         1200.00 USD
  Income:US:Babble:Salary                        -4615.38 USD
  Income:US:Babble:GroupTermLife                   -24.32 USD
  Expenses:Health:Life:GroupTermLife                24.32 USD
  Expenses:Health:Dental:Insurance                   2.90 USD
  Expenses:Health:Medical:Insurance                 27.38 USD
  Expenses:Health:Vision:Insurance                  42.30 USD
  Expenses:Taxes:Y2021:US:Medicare                 106.62 USD
  Expenses:Taxes:Y2021:US:Federal                 1062.92 USD
  Expenses:Taxes:Y2021:US:State                    365.08 USD
  Expenses:Taxes:Y2021:US:CityNYC                  174.92 USD
  Expenses:Taxes:Y2021:US:SDI                        1.12 USD
  Expenses:Taxes:Y2021:US:SocSec                   281.54 USD
  Assets:US:Federal:PreTax401k                   -1200.00 IRAUSD
  Expenses:Taxes:Y2021:US:Federal:PreTax401k      1200.00 IRAUSD
  Assets:US:Babble:Vacation                             5 VACHR
  Income:US:Babble:Vacation                            -5 VACHR

2021-02-11 * "Babble" "Payroll"
  Assets:US:BofA:Checking                         1350.60 USD
  Assets:US:Vanguard:Cash                         1200.00 USD
  Income:US:Babble:Salary                        -4615.38 USD
  Income:US:Babble:GroupTermLife                   -24.32 USD
  Expenses:Health:Life:GroupTermLife                24.32 USD
  Expenses:Health:Dental:Insurance                   2.90 USD
  Expenses:Health:Medical:Insurance                 27.38 USD
  Expenses:Health:Vision:Insurance                  42.30 USD
  Expenses:Taxes:Y2021:US:Medicare                 106.62 USD
  Expenses:Taxes:Y2021:US:Federal                 1062.92 USD
  Expenses:Taxes:Y2021:US:State                    365.08 USD
  Expenses:Taxes:Y2021:US:CityNYC                  174.92 USD
  Expenses:Taxes:Y2021:US:SDI                        1.12 USD
  Expenses:Taxes:Y2021:US:SocSec                   281.54 USD
  Assets:US:Federal:PreTax401k                   -1200.00 IRAUSD
  Expenses:Taxes:Y2021:US:Federal:PreTax401k      1200.00 IRAUSD
  Assets:US:Babble:Vacation                             5 VACHR
  Income:US:Babble:Vacation                            -5 VACHR

2021-02-25 * "Babble" "Payroll"
  Assets:US:BofA:Checking                         1350.60 USD
  Assets:US:Vanguard:Cash                         1200.00 USD
  Income:US:Babble:Salary                        -4615.38 USD
  Income:US:Babble:GroupTermLife                   -24.32 USD
  Expenses:Health:Life:GroupTermLife                24.32 USD
  Expenses:Health:Dental:Insurance                   2.90 USD
  Expenses:Health:Medical:Insurance                 27.38 USD
  Expenses:Health:Vision:Insurance                  42.30 USD
  Expenses:Taxes:Y2021:US:Medicare                 106.62 USD
  Expenses:Taxes:Y2021:US:Federal                 1062.92 USD
  Expenses:Taxes:Y2021:US:State                    365.08 USD
  Expenses:Taxes:Y2021:US:CityNYC                  174.92 USD
  Expenses:Taxes:Y2021:US:SDI                        1.12 USD
  Expenses:Taxes:Y2021:US:SocSec                   281.54 USD
  Assets:US:Federal:PreTax401k                   -1200.00 IRAUSD
  Expenses:Taxes:Y2021:US:Federal:PreTax401k      1200.00 IRAUSD
  Assets:US:Babble:Vacation                             5 VACHR
  Income:US:Babble:Vacation                            -5 VACHR

2021-03-11 * "Babble" "Payroll"
  Assets:US:BofA:Checking                         1350.60 USD
  Assets:US:Vanguard:Cash                         1200.00 USD
  Income:US:Babble:Salary                        -4615.38 USD
  Income:US:Babble:GroupTermLife                   -24.32 USD
  Expenses:Health:Life:GroupTermLife                24.32 USD
  Expenses:Health:Dental:Insurance                   2.90 USD
  Expenses:Health:Medical:Insurance                 27.38 USD
  Expenses:Health:Vision:Insurance                  42.30 USD
  Expenses:Taxes:Y2021:US:Medicare                 106.62 USD
  Expenses:Taxes:Y2021:US:Federal                 1062.92 USD
  Expenses:Taxes:Y2021:US:State                    365.08 USD
  Expenses:Taxes:Y2021:US:CityNYC                  174.92 USD
  Expenses:Taxes:Y2021:US:SDI                        1.12 USD
  Expenses:Taxes:Y2021:US:SocSec                   281.54 USD
  Assets:US:Federal:PreTax401k                   -1200.00 IRAUSD
  Expenses:Taxes:Y2021:US:Federal:PreTax401k      1200.00 IRAUSD
  Assets:US:Babble:Vacation                             5 VACHR
  Income:US:Babble:Vacation                            -5 VACHR

2021-03-25 * "Babble" "Payroll"
  Assets:US:BofA:Checking                         1350.60 USD
  Assets:US:Vanguard:Cash                         1200.00 USD
  Income:US:Babble:Salary                        -4615.38 USD
  Income:US:Babble:GroupTermLife                   -24.32 USD
  Expenses:Health:Life:GroupTermLife                24.32 USD
  Expenses:Health:Dental:Insurance                   2.90 USD
  Expenses:Health:Medical:Insurance                 27.38 USD
  Expenses:Health:Vision:Insurance                  42.30 USD
  Expenses:Taxes:Y2021:US:Medicare                 106.62 USD
  Expenses:Taxes:Y2021:US:Federal                 1062.92 USD
  Expenses:Taxes:Y2021:US:State                    365.08 USD
  Expenses:Taxes:Y2021:US:CityNYC                  174.92 USD
  Expenses:Taxes:Y2021:US:SDI                        1.12 USD
  Expenses:Taxes:Y2021:US:SocSec                   281.54 USD
  Assets:US:Federal:PreTax401k                   -1200.00 IRAUSD
  Expenses:Taxes:Y2021:US:Federal:PreTax401k      1200.00 IRAUSD
  Assets:US:Babble:Vacation                             5 VACHR
  Income:US:Babble:Vacation                            -5 VACHR

2021-04-08 * "Babble" "Payroll"
  Assets:US:BofA:Checking                         1350.60 USD
  Assets:US:Vanguard:Cash                         1200.00 USD
  Income:US:Babble:Salary                        -4615.38 USD
  Income:US:Babble:GroupTermLife                   -24.32 USD
  Expenses:Health:Life:GroupTermLife                24.32 USD
  Expenses:Health:Dental:Insurance                   2.90 USD
  Expenses:Health:Medical:Insurance                 27.38 USD
  Expenses:Health:Vision:Insurance                  42.30 USD
  Expenses:Taxes:Y2021:US:Medicare                 106.62 USD
  Expenses:Taxes:Y2021:US:Federal                 1062.92 USD
  Expenses:Taxes:Y2021:US:State                    365.08 USD
  Expenses:Taxes:Y2021:US:CityNYC                  174.92 USD
  Expenses:Taxes:Y2021:US:SDI                        1.12 USD
  Expenses:Taxes:Y2021:US:SocSec                   281.54 USD
  Assets:US:Federal:PreTax401k                   -1200.00 IRAUSD
  Expenses:Taxes:Y2021:US:Federal:PreTax401k      1200.00 IRAUSD
  Assets:US:Babble:Vacation                             5 VACHR
  Income:US:Babble:Vacation                            -5 VACHR

2021-04-22 * "Babble" "Payroll"
  Assets:US:BofA:Checking                         1350.60 USD
  Assets:US:Vanguard:Cash                         1200.00 USD
  Income:US:Babble:Salary                        -4615.38 USD
  Income:US:Babble:GroupTermLife                   -24.32 USD
  Expenses:Health:Life:GroupTermLife                24.32 USD
  Expenses:Health:Dental:Insurance                   2.90 USD
  Expenses:Health:Medical:Insurance                 27.38 USD
  Expenses:Health:Vision:Insurance                  42.30 USD
  Expenses:Taxes:Y2021:US:Medicare                 106.62 USD
  Expenses:Taxes:Y2021:US:Federal                 1062.92 USD
  Expenses:Taxes:Y2021:US:State                    365.08 USD
  Expenses:Taxes:Y2021:US:CityNYC                  174.92 USD
  Expenses:Taxes:Y2021:US:SDI                        1.12 USD
  Expenses:Taxes:Y2021:US:SocSec                   281.54 USD
  Assets:US:Federal:PreTax401k                   -1200.00 IRAUSD
  Expenses:Taxes:Y2021:US:Federal:PreTax401k      1200.00 IRAUSD
  Assets:US:Babble:Vacation                             5 VACHR
  Income:US:Babble:Vacation                            -5 VACHR

2021-05-06 * "Babble" "Payroll"
  Assets:US:BofA:Checking                         1350.60 USD
  Assets:US:Vanguard:Cash                         1200.00 USD
  Income:US:Babble:Salary                        -4615.38 USD
  Income:US:Babble:GroupTermLife                   -24.32 USD
  Expenses:Health:Life:GroupTermLife                24.32 USD
  Expenses:Health:Dental:Insurance                   2.90 USD
  Expenses:Health:Medical:Insurance                 27.38 USD
  Expenses:Health:Vision:Insurance                  42.30 USD
  Expenses:Taxes:Y2021:US:Medicare                 106.62 USD
  Expenses:Taxes:Y2021:US:Federal                 1062.92 USD
  Expenses:Taxes:Y2021:US:State                    365.08 USD
  Expenses:Taxes:Y2021:US:CityNYC                  174.92 USD
  Expenses:Taxes:Y2021:US:SDI                        1.12 USD
  Expenses:Taxes:Y2021:US:SocSec                   281.54 USD
  Assets:US:Federal:PreTax401k                   -1200.00 IRAUSD
  Expenses:Taxes:Y2021:US:Federal:PreTax401k      1200.00 IRAUSD
  Assets:US:Babble:Vacation                             5 VACHR
  Income:US:Babble:Vacation                            -5 VACHR

2021-05-20 * "Babble" "Payroll"
  Assets:US:BofA:Checking                         1350.60 USD
  Assets:US:Vanguard:Cash                         1200.00 USD
  Income:US:Babble:Salary                        -4615.38 USD
  Income:US:Babble:GroupTermLife                   -24.32 USD
  Expenses:Health:Life:GroupTermLife                24.32 USD
  Expenses:Health:Dental:Insurance                   2.90 USD
  Expenses:Health:Medical:Insurance                 27.38 USD
  Expenses:Health:Vision:Insurance                  42.30 USD
  Expenses:Taxes:Y2021:US:Medicare                 106.62 USD
  Expenses:Taxes:Y2021:US:Federal                 1062.92 USD
  Expenses:Taxes:Y2021:US:State                    365.08 USD
  Expenses:Taxes:Y2021:US:CityNYC                  174.92 USD
  Expenses:Taxes:Y2021:US:SDI                        1.12 USD
  Expenses:Taxes:Y2021:US:SocSec                   281.54 USD
  Assets:US:Federal:PreTax401k                   -1200.00 IRAUSD
  Expenses:Taxes:Y2021:US:Federal:PreTax401k      1200.00 IRAUSD
  Assets:US:Babble:Vacation                             5 VACHR
  Income:US:Babble:Vacation                            -5 VACHR

2021-06-03 * "Babble" "Payroll"
  Assets:US:BofA:Checking                         1350.60 USD
  Assets:US:Vanguard:Cash                         1200.00 USD
  Income:US:Babble:Salary                        -4615.38 USD
  Income:US:Babble:GroupTermLife                   -24.32 USD
  Expenses:Health:Life:GroupTermLife                24.32 USD
  Expenses:Health:Dental:Insurance                   2.90 USD
  Expenses:Health:Medical:Insurance                 27.38 USD
  Expenses:Health:Vision:Insurance                  42.30 USD
  Expenses:Taxes:Y2021:US:Medicare                 106.62 USD
  Expenses:Taxes:Y2021:US:Federal                 1062.92 USD
  Expenses:Taxes:Y2021:US:State                    365.08 USD
  Expenses:Taxes:Y2021:US:CityNYC                  174.92 USD
  Expenses:Taxes:Y2021:US:SDI                        1.12 USD
  Expenses:Taxes:Y2021:US:SocSec                   281.54 USD
  Assets:US:Federal:PreTax401k                   -1200.00 IRAUSD
  Expenses:Taxes:Y2021:US:Federal:PreTax401k      1200.00 IRAUSD
  Assets:US:Babble:Vacation                             5 VACHR
  Income:US:Babble:Vacation                            -5 VACHR

2021-06-17 * "Babble" "Payroll"
  Assets:US:BofA:Checking                         1350.60 USD
  Assets:US:Vanguard:Cash                         1200.00 USD
  Income:US:Babble:Salary                        -4615.38 USD
  Income:US:Babble:GroupTermLife                   -24.32 USD
  Expenses:Health:Life:GroupTermLife                24.32 USD
  Expenses:Health:Dental:Insurance                   2.90 USD
  Expenses:Health:Medical:Insurance                 27.38 USD
  Expenses:Health:Vision:Insurance                  42.30 USD
  Expenses:Taxes:Y2021:US:Medicare                 106.62 USD
  Expenses:Taxes:Y2021:US:Federal                 1062.92 USD
  Expenses:Taxes:Y2021:US:State                    365.08 USD
  Expenses:Taxes:Y2021:US:CityNYC                  174.92 USD
  Expenses:Taxes:Y2021:US:SDI                        1.12 USD
  Expenses:Taxes:Y2021:US:SocSec                   281.54 USD
  Assets:US:Federal:PreTax401k                   -1200.00 IRAUSD
  Expenses:Taxes:Y2021:US:Federal:PreTax401k      1200.00 IRAUSD
  Assets:US:Babble:Vacation                             5 VACHR
  Income:US:Babble:Vacation                            -5 VACHR

2021-07-01 * "Babble" "Payroll"
  Assets:US:BofA:Checking                         1350.60 USD
  Assets:US:Vanguard:Cash                         1200.00 USD
  Income:US:Babble:Salary                        -4615.38 USD
  Income:US:Babble:GroupTermLife                   -24.32 USD
  Expenses:Health:Life:GroupTermLife                24.32 USD
  Expenses:Health:Dental:Insurance                   2.90 USD
  Expenses:Health:Medical:Insurance                 27.38 USD
  Expenses:Health:Vision:Insurance                  42.30 USD
  Expenses:Taxes:Y2021:US:Medicare                 106.62 USD
  Expenses:Taxes:Y2021:US:Federal                 1062.92 USD
  Expenses:Taxes:Y2021:US:State                    365.08 USD
  Expenses:Taxes:Y2021:US:CityNYC                  174.92 USD
  Expenses:Taxes:Y2021:US:SDI                        1.12 USD
  Expenses:Taxes:Y2021:US:SocSec                   281.54 USD
  Assets:US:Federal:PreTax401k                   -1200.00 IRAUSD
  Expenses:Taxes:Y2021:US:Federal:PreTax401k      1200.00 IRAUSD
  Assets:US:Babble:Vacation                             5 VACHR
  Income:US:Babble:Vacation                            -5 VACHR

2021-07-15 * "Babble" "Payroll"
  Assets:US:BofA:Checking                         1350.60 USD
  Assets:US:Vanguard:Cash                         1200.00 USD
  Income:US:Babble:Salary                        -4615.38 USD
  Income:US:Babble:GroupTermLife                   -24.32 USD
  Expenses:Health:Life:GroupTermLife                24.32 USD
  Expenses:Health:Dental:Insurance                   2.90 USD
  Expenses:Health:Medical:Insurance                 27.38 USD
  Expenses:Health:Vision:Insurance                  42.30 USD
  Expenses:Taxes:Y2021:US:Medicare                 106.62 USD
  Expenses:Taxes:Y2021:US:Federal                 1062.92 USD
  Expenses:Taxes:Y2021:US:State                    365.08 USD
  Expenses:Taxes:Y2021:US:CityNYC                  174.92 USD
  Expenses:Taxes:Y2021:US:SDI                        1.12 USD
  Expenses:Taxes:Y2021:US:SocSec                   281.54 USD
  Assets:US:Federal:PreTax401k                   -1200.00 IRAUSD
  Expenses:Taxes:Y2021:US:Federal:PreTax401k      1200.00 IRAUSD
  Assets:US:Babble:Vacation                             5 VACHR
  Income:US:Babble:Vacation                            -5 VACHR

2021-07-29 * "Babble" "Payroll"
  Assets:US:BofA:Checking                         1350.60 USD
  Assets:US:Vanguard:Cash                         1200.00 USD
  Income:US:Babble:Salary                        -4615.38 USD
  Income:US:Babble:GroupTermLife                   -24.32 USD
  Expenses:Health:Life:GroupTermLife                24.32 USD
  Expenses:Health:Dental:Insurance                   2.90 USD
  Expenses:Health:Medical:Insurance                 27.38 USD
  Expenses:Health:Vision:Insurance                  42.30 USD
  Expenses:Taxes:Y2021:US:Medicare                 106.62 USD
  Expenses:Taxes:Y2021:US:Federal                 1062.92 USD
  Expenses:Taxes:Y2021:US:State                    365.08 USD
  Expenses:Taxes:Y2021:US:CityNYC                  174.92 USD
  Expenses:Taxes:Y2021:US:SDI                        1.12 USD
  Expenses:Taxes:Y2021:US:SocSec                   281.54 USD
  Assets:US:Federal:PreTax401k                   -1200.00 IRAUSD
  Expenses:Taxes:Y2021:US:Federal:PreTax401k      1200.00 IRAUSD
  Assets:US:Babble:Vacation                             5 VACHR
  Income:US:Babble:Vacation                            -5 VACHR

2021-08-12 * "Babble" "Payroll"
  Assets:US:BofA:Checking                         2050.60 USD
  Assets:US:Vanguard:Cash                          500.00 USD
  Income:US:Babble:Salary                        -4615.38 USD
  Income:US:Babble:GroupTermLife                   -24.32 USD
  Expenses:Health:Life:GroupTermLife                24.32 USD
  Expenses:Health:Dental:Insurance                   2.90 USD
  Expenses:Health:Medical:Insurance                 27.38 USD
  Expenses:Health:Vision:Insurance                  42.30 USD
  Expenses:Taxes:Y2021:US:Medicare                 106.62 USD
  Expenses:Taxes:Y2021:US:Federal                 1062.92 USD
  Expenses:Taxes:Y2021:US:State                    365.08 USD
  Expenses:Taxes:Y2021:US:CityNYC                  174.92 USD
  Expenses:Taxes:Y2021:US:SDI                        1.12 USD
  Expenses:Taxes:Y2021:US:SocSec                   281.54 USD
  Assets:US:Federal:PreTax401k                    -500.00 IRAUSD
  Expenses:Taxes:Y2021:US:Federal:PreTax401k       500.00 IRAUSD
  Assets:US:Babble:Vacation                             5 VACHR
  Income:US:Babble:Vacation                            -5 VACHR

2021-08-26 * "Babble" "Payroll"
  Assets:US:BofA:Checking                         2550.60 USD
  Income:US:Babble:Salary                        -4615.38 USD
  Income:US:Babble:GroupTermLife                   -24.32 USD
  Expenses:Health:Life:GroupTermLife                24.32 USD
  Expenses:Health:Dental:Insurance                   2.90 USD
  Expenses:Health:Medical:Insurance                 27.38 USD
  Expenses:Health:Vision:Insurance                  42.30 USD
  Expenses:Taxes:Y2021:US:Medicare                 106.62 USD
  Expenses:Taxes:Y2021:US:Federal                 1062.92 USD
  Expenses:Taxes:Y2021:US:State                    365.08 USD
  Expenses:Taxes:Y2021:US:CityNYC                  174.92 USD
  Expenses:Taxes:Y2021:US:SDI                        1.12 USD
  Expenses:Taxes:Y2021:US:SocSec                   281.54 USD
  Assets:US:Federal:PreTax401k                       0.00 IRAUSD
  Assets:US:Babble:Vacation                             5 VACHR
  Income:US:Babble:Vacation                            -5 VACHR

2021-09-09 * "Babble" "Payroll"
  Assets:US:BofA:Checking                         2550.60 USD
  Income:US:Babble:Salary                        -4615.38 USD
  Income:US:Babble:GroupTermLife                   -24.32 USD
  Expenses:Health:Life:GroupTermLife                24.32 USD
  Expenses:Health:Dental:Insurance                   2.90 USD
  Expenses:Health:Medical:Insurance                 27.38 USD
  Expenses:Health:Vision:Insurance                  42.30 USD
  Expenses:Taxes:Y2021:US:Medicare                 106.62 USD
  Expenses:Taxes:Y2021:US:Federal                 1062.92 USD
  Expenses:Taxes:Y2021:US:State                    365.08 USD
  Expenses:Taxes:Y2021:US:CityNYC                  174.92 USD
  Expenses:Taxes:Y2021:US:SDI                        1.12 USD
  Expenses:Taxes:Y2021:US:SocSec                   281.54 USD
  Assets:US:Federal:PreTax401k                       0.00 IRAUSD
  Assets:US:Babble:Vacation                             5 VACHR
  Income:US:Babble:Vacation                            -5 VACHR

2021-09-23 * "Babble" "Payroll"
  Assets:US:BofA:Checking                         2550.60 USD
  Income:US:Babble:Salary                        -4615.38 USD
  Income:US:Babble:GroupTermLife                   -24.32 USD
  Expenses:Health:Life:GroupTermLife                24.32 USD
  Expenses:Health:Dental:Insurance                   2.90 USD
  Expenses:Health:Medical:Insurance                 27.38 USD
  Expenses:Health:Vision:Insurance                  42.30 USD
  Expenses:Taxes:Y2021:US:Medicare                 106.62 USD
  Expenses:Taxes:Y2021:US:Federal                 1062.92 USD
  Expenses:Taxes:Y2021:US:State                    365.08 USD
  Expenses:Taxes:Y2021:US:CityNYC                  174.92 USD
  Expenses:Taxes:Y2021:US:SDI                        1.12 USD
  Expenses:Taxes:Y2021:US:SocSec                   281.54 USD
  Assets:US:Federal:PreTax401k                       0.00 IRAUSD
  Assets:US:Babble:Vacation                             5 VACHR
  Income:US:Babble:Vacation                            -5 VACHR

2021-10-07 * "Babble" "Payroll"
  Assets:US:BofA:Checking                         2550.60 USD
  Income:US:Babble:Salary                        -4615.38 USD
  Income:US:Babble:GroupTermLife                   -24.32 USD
  Expenses:Health:Life:GroupTermLife                24.32 USD
  Expenses:Health:Dental:Insurance                   2.90 USD
  Expenses:Health:Medical:Insurance                 27.38 USD
  Expenses:Health:Vision:Insurance                  42.30 USD
  Expenses:Taxes:Y2021:US:Medicare                 106.62 USD
  Expenses:Taxes:Y2021:US:Federal                 1062.92 USD
  Expenses:Taxes:Y2021:US:State                    365.08 USD
  Expenses:Taxes:Y2021:US:CityNYC                  174.92 USD
  Expenses:Taxes:Y2021:US:SDI                        1.12 USD
  Expenses:Taxes:Y2021:US:SocSec                   281.54 USD
  Assets:US:Federal:PreTax401k                       0.00 IRAUSD
  Assets:US:Babble:Vacation                             5 VACHR
  Income:US:Babble:Vacation                            -5 VACHR

2021-10-21 * "Babble" "Payroll"
  Assets:US:BofA:Checking                         2550.60 USD
  Income:US:Babble:Salary                        -4615.38 USD
  Income:US:Babble:GroupTermLife                   -24.32 USD
  Expenses:Health:Life:GroupTermLife                24.32 USD
  Expenses:Health:Dental:Insurance                   2.90 USD
  Expenses:Health:Medical:Insurance                 27.38 USD
  Expenses:Health:Vision:Insurance                  42.30 USD
  Expenses:Taxes:Y2021:US:Medicare                 106.62 USD
  Expenses:Taxes:Y2021:US:Federal                 1062.92 USD
  Expenses:Taxes:Y2021:US:State                    365.08 USD
  Expenses:Taxes:Y2021:US:CityNYC                  174.92 USD
  Expenses:Taxes:Y2021:US:SDI                        1.12 USD
  Expenses:Taxes:Y2021:US:SocSec                   281.54 USD
  Assets:US:Federal:PreTax401k                       0.00 IRAUSD
  Assets:US:Babble:Vacation                             5 VACHR
  Income:US:Babble:Vacation                            -5 VACHR

2021-11-04 * "Babble" "Payroll"
  Assets:US:BofA:Checking                         2550.60 USD
  Income:US:Babble:Salary                        -4615.38 USD
  Income:US:Babble:GroupTermLife                   -24.32 USD
  Expenses:Health:Life:GroupTermLife                24.32 USD
  Expenses:Health:Dental:Insurance                   2.90 USD
  Expenses:Health:Medical:Insurance                 27.38 USD
  Expenses:Health:Vision:Insurance                  42.30 USD
  Expenses:Taxes:Y2021:US:Medicare                 106.62 USD
  Expenses:Taxes:Y2021:US:Federal                 1062.92 USD
  Expenses:Taxes:Y2021:US:State                    365.08 USD
  Expenses:Taxes:Y2021:US:CityNYC                  174.92 USD
  Expenses:Taxes:Y2021:US:SDI                        1.12 USD
  Expenses:Taxes:Y2021:US:SocSec                   281.54 USD
  Assets:US:Federal:PreTax401k                       0.00 IRAUSD
  Assets:US:Babble:Vacation                             5 VACHR
  Income:US:Babble:Vacation                            -5 VACHR

2021-11-18 * "Babble" "Payroll"
  Assets:US:BofA:Checking                         2550.60 USD
  Income:US:Babble:Salary                        -4615.38 USD
  Income:US:Babble:GroupTermLife                   -24.32 USD
  Expenses:Health:Life:GroupTermLife                24.32 USD
  Expenses:Health:Dental:Insurance                   2.90 USD
  Expenses:Health:Medical:Insurance                 27.38 USD
  Expenses:Health:Vision:Insurance                  42.30 USD
  Expenses:Taxes:Y2021:US:Medicare                 106.62 USD
  Expenses:Taxes:Y2021:US:Federal                 1062.92 USD
  Expenses:Taxes:Y2021:US:State                    365.08 USD
  Expenses:Taxes:Y2021:US:CityNYC                  174.92 USD
  Expenses:Taxes:Y2021:US:SDI                        1.12 USD
  Expenses:Taxes:Y2021:US:SocSec                   281.54 USD
  Assets:US:Federal:PreTax401k                       0.00 IRAUSD
  Assets:US:Babble:Vacation                             5 VACHR
  Income:US:Babble:Vacation                            -5 VACHR

2021-12-02 * "Babble" "Payroll"
  Assets:US:BofA:Checking                         2550.60 USD
  Income:US:Babble:Salary                        -4615.38 USD
  Income:US:Babble:GroupTermLife                   -24.32 USD
  Expenses:Health:Life:GroupTermLife                24.32 USD
  Expenses:Health:Dental:Insurance                   2.90 USD
  Expenses:Health:Medical:Insurance                 27.38 USD
  Expenses:Health:Vision:Insurance                  42.30 USD
  Expenses:Taxes:Y2021:US:Medicare                 106.62 USD
  Expenses:Taxes:Y2021:US:Federal                 1062.92 USD
  Expenses:Taxes:Y2021:US:State                    365.08 USD
  Expenses:Taxes:Y2021:US:CityNYC                  174.92 USD
  Expenses:Taxes:Y2021:US:SDI                        1.12 USD
  Expenses:Taxes:Y2021:US:SocSec                   281.54 USD
  Assets:US:Federal:PreTax401k                       0.00 IRAUSD
  Assets:US:Babble:Vacation                             5 VACHR
  Income:US:Babble:Vacation                            -5 VACHR

2021-12-16 * "Babble" "Payroll"
  Assets:US:BofA:Checking                         2589.06 USD
  Income:US:Babble:Salary                        -4615.38 USD
  Income:US:Babble:GroupTermLife                   -24.32 USD
  Expenses:Health:Life:GroupTermLife                24.32 USD
  Expenses:Health:Dental:Insurance                   2.90 USD
  Expenses:Health:Medical:Insurance                 27.38 USD
  Expenses:Health:Vision:Insurance                  42.30 USD
  Expenses:Taxes:Y2021:US:Medicare                 106.62 USD
  Expenses:Taxes:Y2021:US:Federal                 1062.92 USD
  Expenses:Taxes:Y2021:US:State                    365.08 USD
  Expenses:Taxes:Y2021:US:CityNYC                  174.92 USD
  Expenses:Taxes:Y2021:US:SDI                        1.12 USD
  Expenses:Taxes:Y2021:US:SocSec                   243.08 USD
  Assets:US:Federal:PreTax401k                       0.00 IRAUSD
  Assets:US:Babble:Vacation                             5 VACHR
  Income:US:Babble:Vacation                            -5 VACHR

2021-12-30 * "Babble" "Payroll"
  Assets:US:BofA:Checking                         2832.14 USD
  Income:US:Babble:Salary                        -4615.38 USD
  Income:US:Babble:GroupTermLife                   -24.32 USD
  Expenses:Health:Life:GroupTermLife                24.32 USD
  Expenses:Health:Dental:Insurance                   2.90 USD
  Expenses:Health:Medical:Insurance                 27.38 USD
  Expenses:Health:Vision:Insurance                  42.30 USD
  Expenses:Taxes:Y2021:US:Medicare                 106.62 USD
  Expenses:Taxes:Y2021:US:Federal                 1062.92 USD
  Expenses:Taxes:Y2021:US:State                    365.08 USD
  Expenses:Taxes:Y2021:US:CityNYC                  174.92 USD
  Expenses:Taxes:Y2021:US:SDI                        1.12 USD
  Expenses:Taxes:Y2021:US:SocSec                     0.00 USD
  Assets:US:Federal:PreTax401k                       0.00 IRAUSD
  Assets:US:Babble:Vacation                             5 VACHR
  Income:US:Babble:Vacation                            -5 VACHR

2022-01-13 * "Babble" "Payroll"
  Assets:US:BofA:Checking                         1350.60 USD
  Assets:US:Vanguard:Cash                         1200.00 USD
  Income:US:Babble:Salary                        -4615.38 USD
  Income:US:Babble:GroupTermLife                   -24.32 USD
  Expenses:Health:Life:GroupTermLife                24.32 USD
  Expenses:Health:Dental:Insurance                   2.90 USD
  Expenses:Health:Medical:Insurance                 27.38 USD
  Expenses:Health:Vision:Insurance                  42.30 USD
  Expenses:Taxes:Y2022:US:Medicare                 106.62 USD
  Expenses:Taxes:Y2022:US:Federal                 1062.92 USD
  Expenses:Taxes:Y2022:US:State                    365.08 USD
  Expenses:Taxes:Y2022:US:CityNYC                  174.92 USD
  Expenses:Taxes:Y2022:US:SDI                        1.12 USD
  Expenses:Taxes:Y2022:US:SocSec                   281.54 USD
  Assets:US:Federal:PreTax401k                   -1200.00 IRAUSD
  Expenses:Taxes:Y2022:US:Federal:PreTax401k      1200.00 IRAUSD
  Assets:US:Babble:Vacation                             5 VACHR
  Income:US:Babble:Vacation                            -5 VACHR



* Taxes

1980-05-12 open Income:US:Federal:PreTax401k                    IRAUSD
1980-05-12 open Assets:US:Federal:PreTax401k                    IRAUSD



** Tax Year 2020

2020-01-01 open Expenses:Taxes:Y2020:US:Federal:PreTax401k      IRAUSD
2020-01-01 open Expenses:Taxes:Y2020:US:Medicare                USD
2020-01-01 open Expenses:Taxes:Y2020:US:Federal                 USD
2020-01-01 open Expenses:Taxes:Y2020:US:CityNYC                 USD
2020-01-01 open Expenses:Taxes:Y2020:US:SDI                     USD
2020-01-01 open Expenses:Taxes:Y2020:US:State                   USD
2020-01-01 open Expenses:Taxes:Y2020:US:SocSec                  USD

2020-01-01 balance Assets:US:Federal:PreTax401k         0 IRAUSD

2020-01-01 * "Allowed contributions for one year"
  Income:US:Federal:PreTax401k                     -18500 IRAUSD
  Assets:US:Federal:PreTax401k                      18500 IRAUSD

2021-03-25 * "Filing taxes for 2020"
  Expenses:Taxes:Y2020:US:Federal                  615.83 USD
  Expenses:Taxes:Y2020:US:State                    457.41 USD
  Liabilities:AccountsPayable                    -1073.24 USD

2021-03-26 * "STATE TAX & FINANC PYMT"
  Assets:US:BofA:Checking                         -457.41 USD
  Liabilities:AccountsPayable                      457.41 USD

2021-03-29 * "FEDERAL TAXPYMT"
  Assets:US:BofA:Checking                         -615.83 USD
  Liabilities:AccountsPayable                      615.83 USD



** Tax Year 2021

2021-01-01 open Expenses:Taxes:Y2021:US:Federal:PreTax401k      IRAUSD
2021-01-01 open Expenses:Taxes:Y2021:US:Medicare                USD
2021-01-01 open Expenses:Taxes:Y2021:US:Federal                 USD
2021-01-01 open Expenses:Taxes:Y2021:US:CityNYC                 USD
2021-01-01 open Expenses:Taxes:Y2021:US:SDI                     USD
2021-01-01 open Expenses:Taxes:Y2021:US:State                   USD
2021-01-01 open Expenses:Taxes:Y2021:US:SocSec                  USD

2021-01-01 balance Assets:US:Federal:PreTax401k         0 IRAUSD

2021-01-01 * "Allowed contributions for one year"
  Income:US:Federal:PreTax401k                     -18500 IRAUSD
  Assets:US:Federal:PreTax401k                      18500 IRAUSD



** Tax Year 2022

2022-01-01 open Expenses:Taxes:Y2022:US:Federal:PreTax401k      IRAUSD
2022-01-01 open Expenses:Taxes:Y2022:US:Medicare                USD
2022-01-01 open Expenses:Taxes:Y2022:US:Federal                 USD
2022-01-01 open Expenses:Taxes:Y2022:US:CityNYC                 USD
2022-01-01 open Expenses:Taxes:Y2022:US:SDI                     USD
2022-01-01 open Expenses:Taxes:Y2022:US:State                   USD
2022-01-01 open Expenses:Taxes:Y2022:US:SocSec                  USD

2022-01-01 balance Assets:US:Federal:PreTax401k         0 IRAUSD

2022-01-01 * "Allowed contributions for one year"
  Income:US:Federal:PreTax401k                     -18500 IRAUSD
  Assets:US:Federal:PreTax401k                      18500 IRAUSD



* Expenses

1980-05-12 open Expenses:Food:Groceries
1980-05-12 open Expenses:Food:Restaurant
1980-05-12 open Expenses:Food:Coffee
1980-05-12 open Expenses:Food:Alcohol
1980-05-12 open Expenses:Transport:Tram
1980-05-12 open Expenses:Home:Rent
1980-05-12 open Expenses:Home:Electricity
1980-05-12 open Expenses:Home:Internet
1980-05-12 open Expenses:Home:Phone
1980-05-12 open Expenses:Financial:Fees
1980-05-12 open Expenses:Financial:Commissions



* Prices

2020-01-03 price VBMPX                             163.81 USD
2020-01-03 price RGAGX                             140.00 USD
2020-01-03 price ITOT                               71.59 USD
2020-01-03 price VEA                                56.49 USD
2020-01-03 price VHT                                89.73 USD
2020-01-03 price GLD                                99.96 USD
2020-01-10 price VBMPX                             164.21 USD
2020-01-10 price RGAGX                             141.48 USD
2020-01-10 price ITOT                               71.63 USD
2020-01-10 price VEA                                56.64 USD
2020-01-10 price VHT                                89.25 USD
2020-01-10 price GLD                               100.62 USD
2020-01-17 price VBMPX                             166.80 USD
2020-01-17 price RGAGX                             143.94 USD
2020-01-17 price ITOT                               72.12 USD
2020-01-17 price VEA                                58.83 USD
2020-01-17 price VHT                                90.10 USD
2020-01-17 price GLD                               100.21 USD
2020-01-24 price VBMPX                             164.54 USD
2020-01-24 price RGAGX                             142.54 USD
2020-01-24 price ITOT                               72.52 USD
2020-01-24 price VEA                                58.78 USD
2020-01-24 price VHT                                89.15 USD
2020-01-24 price GLD                               101.00 USD
2020-01-31 price VBMPX                             168.33 USD
2020-01-31 price RGAGX                             141.07 USD
2020-01-31 price ITOT                               72.39 USD
2020-01-31 price VEA                                59.36 USD
2020-01-31 price VHT                                88.12 USD
2020-01-31 price GLD                               101.87 USD
2020-02-07 price VBMPX                             168.84 USD
2020-02-07 price RGAGX                             140.86 USD
2020-02-07 price ITOT                               72.38 USD
2020-02-07 price VEA                                60.25 USD
2020-02-07 price VHT                                88.73 USD
2020-02-07 price GLD                               100.93 USD
2020-02-14 price VBMPX                             168.10 USD
2020-02-14 price RGAGX                             140.18 USD
2020-02-14 price ITOT                               71.44 USD
2020-02-14 price VEA                                60.93 USD
2020-02-14 price VHT                                88.47 USD
2020-02-14 price GLD                               101.33 USD
2020-02-21 price VBMPX                             171.81 USD
2020-02-21 price RGAGX                             138.24 USD
2020-02-21 price ITOT                               71.29 USD
2020-02-21 price VEA                                60.17 USD
2020-02-21 price VHT                                89.64 USD
2020-02-21 price GLD                               102.18 USD
2020-02-28 price VBMPX                             175.79 USD
2020-02-28 price RGAGX                             140.37 USD
2020-02-28 price ITOT                               71.20 USD
2020-02-28 price VEA                                59.83 USD
2020-02-28 price VHT                                88.50 USD
2020-02-28 price GLD                               103.87 USD
2020-03-06 price VBMPX                             174.43 USD
2020-03-06 price RGAGX                             138.82 USD
2020-03-06 price ITOT                               71.62 USD
2020-03-06 price VEA                                59.58 USD
2020-03-06 price VHT                                89.24 USD
2020-03-06 price GLD                               105.12 USD
2020-03-13 price VBMPX                             175.06 USD
2020-03-13 price RGAGX                             142.06 USD
2020-03-13 price ITOT                               71.84 USD
2020-03-13 price VEA                                60.04 USD
2020-03-13 price VHT                                90.20 USD
2020-03-13 price GLD                               104.28 USD
2020-03-20 price VBMPX                             174.76 USD
2020-03-20 price RGAGX                             141.47 USD
2020-03-20 price ITOT                               70.73 USD
2020-03-20 price VEA                                60.39 USD
2020-03-20 price VHT                                89.66 USD
2020-03-20 price GLD                               104.26 USD
2020-03-27 price VBMPX                             177.83 USD
2020-03-27 price RGAGX                             141.86 USD
2020-03-27 price ITOT                               69.82 USD
2020-03-27 price VEA                                58.64 USD
2020-03-27 price VHT                                90.80 USD
2020-03-27 price GLD                               104.28 USD
2020-04-03 price VBMPX                             175.05 USD
2020-04-03 price RGAGX                             143.12 USD
2020-04-03 price ITOT                               71.02 USD
2020-04-03 price VEA                                61.68 USD
2020-04-03 price VHT                                90.45 USD
2020-04-03 price GLD                               105.17 USD
2020-04-10 price VBMPX                             173.32 USD
2020-04-10 price RGAGX                             143.50 USD
2020-04-10 price ITOT                               70.70 USD
2020-04-10 price VEA                                61.99 USD
2020-04-10 price VHT                                90.64 USD
2020-04-10 price GLD                               105.19 USD
2020-04-17 price VBMPX                             174.35 USD
2020-04-17 price RGAGX                             142.76 USD
2020-04-17 price ITOT                               70.80 USD
2020-04-17 price VEA                                62.12 USD
2020-04-17 price VHT                                90.91 USD
2020-04-17 price GLD                               101.87 USD
2020-04-24 price VBMPX                             172.14 USD
2020-04-24 price RGAGX                             141.82 USD
2020-04-24 price ITOT                               70.94 USD
2020-04-24 price VEA                                61.46 USD
2020-04-24 price VHT                                91.61 USD
2020-04-24 price GLD                               103.78 USD
2020-05-01 price VBMPX                             170.21 USD
2020-05-01 price RGAGX                             143.81 USD
2020-05-01 price ITOT                               70.92 USD
2020-05-01 price VEA                                60.23 USD
2020-05-01 price VHT                                92.02 USD
2020-05-01 price GLD                               105.44 USD
2020-05-08 price VBMPX                             166.87 USD
2020-05-08 price RGAGX                             145.30 USD
2020-05-08 price ITOT                               71.20 USD
2020-05-08 price VEA                                60.15 USD
2020-05-08 price VHT                                91.23 USD
2020-05-08 price GLD                               104.99 USD
2020-05-15 price VBMPX                             165.87 USD
2020-05-15 price RGAGX                             145.02 USD
2020-05-15 price ITOT                               70.95 USD
2020-05-15 price VEA                                60.20 USD
2020-05-15 price VHT                                92.28 USD
2020-05-15 price GLD                               105.45 USD
2020-05-22 price VBMPX                             170.90 USD
2020-05-22 price RGAGX                             145.56 USD
2020-05-22 price ITOT                               71.68 USD
2020-05-22 price VEA                                59.19 USD
2020-05-22 price VHT                                93.15 USD
2020-05-22 price GLD                               105.81 USD
2020-05-29 price VBMPX                             169.70 USD
2020-05-29 price RGAGX                             146.85 USD
2020-05-29 price ITOT                               71.05 USD
2020-05-29 price VEA                                61.35 USD
2020-05-29 price VHT                                92.98 USD
2020-05-29 price GLD                               106.82 USD
2020-06-05 price VBMPX                             173.02 USD
2020-06-05 price RGAGX                             144.05 USD
2020-06-05 price ITOT                               71.81 USD
2020-06-05 price VEA                                60.33 USD
2020-06-05 price VHT                                93.40 USD
2020-06-05 price GLD                               107.59 USD
2020-06-12 price VBMPX                             170.01 USD
2020-06-12 price RGAGX                             145.30 USD
2020-06-12 price ITOT                               71.71 USD
2020-06-12 price VEA                                60.89 USD
2020-06-12 price VHT                                92.40 USD
2020-06-12 price GLD                               107.34 USD
2020-06-19 price VBMPX                             174.04 USD
2020-06-19 price RGAGX                             146.96 USD
2020-06-19 price ITOT                               71.32 USD
2020-06-19 price VEA                                60.14 USD
2020-06-19 price VHT                                93.31 USD
2020-06-19 price GLD                               106.01 USD
2020-06-26 price VBMPX                             174.83 USD
2020-06-26 price RGAGX                             149.48 USD
2020-06-26 price ITOT                               71.99 USD
2020-06-26 price VEA                                59.12 USD
2020-06-26 price VHT                                93.58 USD
2020-06-26 price GLD                               106.93 USD
2020-07-03 price VBMPX                             174.72 USD
2020-07-03 price RGAGX                             150.80 USD
2020-07-03 price ITOT                               71.88 USD
2020-07-03 price VEA                                59.10 USD
2020-07-03 price VHT                                94.42 USD
2020-07-03 price GLD                               107.00 USD
2020-07-10 price VBMPX                             177.16 USD
2020-07-10 price RGAGX                             149.98 USD
2020-07-10 price ITOT                               72.05 USD
2020-07-10 price VEA                                58.79 USD
2020-07-10 price VHT                                94.63 USD
2020-07-10 price GLD                               105.39 USD
2020-07-17 price VBMPX                             179.42 USD
2020-07-17 price RGAGX                             151.50 USD
2020-07-17 price ITOT                               72.46 USD
2020-07-17 price VEA                                58.80 USD
2020-07-17 price VHT                                95.82 USD
2020-07-17 price GLD                               103.63 USD
2020-07-24 price VBMPX                             176.07 USD
2020-07-24 price RGAGX                             152.38 USD
2020-07-24 price ITOT                               72.60 USD
2020-07-24 price VEA                                58.47 USD
2020-07-24 price VHT                                94.84 USD
2020-07-24 price GLD                                99.47 USD
2020-07-31 price VBMPX                             180.27 USD
2020-07-31 price RGAGX                             153.83 USD
2020-07-31 price ITOT                               72.99 USD
2020-07-31 price VEA                                58.71 USD
2020-07-31 price VHT                                94.75 USD
2020-07-31 price GLD                               100.42 USD
2020-08-07 price VBMPX                             183.34 USD
2020-08-07 price RGAGX                             153.82 USD
2020-08-07 price ITOT                               72.53 USD
2020-08-07 price VEA                                57.64 USD
2020-08-07 price VHT                                96.27 USD
2020-08-07 price GLD                               100.21 USD
2020-08-14 price VBMPX                             181.92 USD
2020-08-14 price RGAGX                             151.69 USD
2020-08-14 price ITOT                               73.60 USD
2020-08-14 price VEA                                57.58 USD
2020-08-14 price VHT                                96.93 USD
2020-08-14 price GLD                                99.50 USD
2020-08-21 price VBMPX                             184.84 USD
2020-08-21 price RGAGX                             152.15 USD
2020-08-21 price ITOT                               72.79 USD
2020-08-21 price VEA                                58.69 USD
2020-08-21 price VHT                                96.81 USD
2020-08-21 price GLD                                98.55 USD
2020-08-28 price VBMPX                             188.01 USD
2020-08-28 price RGAGX                             152.66 USD
2020-08-28 price ITOT                               73.24 USD
2020-08-28 price VEA                                57.87 USD
2020-08-28 price VHT                                98.22 USD
2020-08-28 price GLD                                97.98 USD
2020-09-04 price VBMPX                             190.27 USD
2020-09-04 price RGAGX                             148.84 USD
2020-09-04 price ITOT                               74.04 USD
2020-09-04 price VEA                                56.05 USD
2020-09-04 price VHT                                98.70 USD
2020-09-04 price GLD                                98.21 USD
2020-09-11 price VBMPX                             194.54 USD
2020-09-11 price RGAGX                             147.60 USD
2020-09-11 price ITOT                               74.92 USD
2020-09-11 price VEA                                54.91 USD
2020-09-11 price VHT                                98.08 USD
2020-09-11 price GLD                                98.66 USD
2020-09-18 price VBMPX                             197.21 USD
2020-09-18 price RGAGX                             147.32 USD
2020-09-18 price ITOT                               74.60 USD
2020-09-18 price VEA                                56.64 USD
2020-09-18 price VHT                                98.25 USD
2020-09-18 price GLD                                97.80 USD
2020-09-25 price VBMPX                             193.20 USD
2020-09-25 price RGAGX                             149.66 USD
2020-09-25 price ITOT                               74.48 USD
2020-09-25 price VEA                                58.81 USD
2020-09-25 price VHT                                98.73 USD
2020-09-25 price GLD                                96.31 USD
2020-10-02 price VBMPX                             189.61 USD
2020-10-02 price RGAGX                             150.68 USD
2020-10-02 price ITOT                               74.03 USD
2020-10-02 price VEA                                59.32 USD
2020-10-02 price VHT                                98.99 USD
2020-10-02 price GLD                                96.16 USD
2020-10-09 price VBMPX                             192.74 USD
2020-10-09 price RGAGX                             153.23 USD
2020-10-09 price ITOT                               74.45 USD
2020-10-09 price VEA                                60.79 USD
2020-10-09 price VHT                                98.05 USD
2020-10-09 price GLD                                95.75 USD
2020-10-16 price VBMPX                             192.00 USD
2020-10-16 price RGAGX                             152.06 USD
2020-10-16 price ITOT                               74.57 USD
2020-10-16 price VEA                                61.20 USD
2020-10-16 price VHT                                97.44 USD
2020-10-16 price GLD                                95.15 USD
2020-10-23 price VBMPX                             192.75 USD
2020-10-23 price RGAGX                             153.26 USD
2020-10-23 price ITOT                               74.36 USD
2020-10-23 price VEA                                60.50 USD
2020-10-23 price VHT                                98.53 USD
2020-10-23 price GLD                                94.95 USD
2020-10-30 price VBMPX                             192.17 USD
2020-10-30 price RGAGX                             159.77 USD
2020-10-30 price ITOT                               74.41 USD
2020-10-30 price VEA                                62.48 USD
2020-10-30 price VHT                                97.81 USD
2020-10-30 price GLD                                91.93 USD
2020-11-06 price VBMPX                             191.99 USD
2020-11-06 price RGAGX                             160.42 USD
2020-11-06 price ITOT                               73.17 USD
2020-11-06 price VEA                                62.32 USD
2020-11-06 price VHT                                97.19 USD
2020-11-06 price GLD                                89.62 USD
2020-11-13 price VBMPX                             195.38 USD
2020-11-13 price RGAGX                             161.49 USD
2020-11-13 price ITOT                               73.77 USD
2020-11-13 price VEA                                62.95 USD
2020-11-13 price VHT                                97.17 USD
2020-11-13 price GLD                                89.71 USD
2020-11-20 price VBMPX                             199.60 USD
2020-11-20 price RGAGX                             160.98 USD
2020-11-20 price ITOT                               73.94 USD
2020-11-20 price VEA                                61.07 USD
2020-11-20 price VHT                                97.12 USD
2020-11-20 price GLD                                90.64 USD
2020-11-27 price VBMPX                             201.98 USD
2020-11-27 price RGAGX                             162.97 USD
2020-11-27 price ITOT                               73.85 USD
2020-11-27 price VEA                                59.40 USD
2020-11-27 price VHT                                97.62 USD
2020-11-27 price GLD                                92.41 USD
2020-12-04 price VBMPX                             202.85 USD
2020-12-04 price RGAGX                             162.22 USD
2020-12-04 price ITOT                               73.36 USD
2020-12-04 price VEA                                60.23 USD
2020-12-04 price VHT                                98.15 USD
2020-12-04 price GLD                                93.62 USD
2020-12-11 price VBMPX                             207.02 USD
2020-12-11 price RGAGX                             156.38 USD
2020-12-11 price ITOT                               73.59 USD
2020-12-11 price VEA                                62.16 USD
2020-12-11 price VHT                                97.72 USD
2020-12-11 price GLD                                96.52 USD
2020-12-18 price VBMPX                             210.29 USD
2020-12-18 price RGAGX                             157.41 USD
2020-12-18 price ITOT                               72.74 USD
2020-12-18 price VEA                                63.25 USD
2020-12-18 price VHT                                97.56 USD
2020-12-18 price GLD                                98.12 USD
2020-12-25 price VBMPX                             207.41 USD
2020-12-25 price RGAGX                             161.53 USD
2020-12-25 price ITOT                               72.80 USD
2020-12-25 price VEA                                65.77 USD
2020-12-25 price VHT                                98.13 USD
2020-12-25 price GLD                                97.82 USD
2021-01-01 price VBMPX                             208.61 USD
2021-01-01 price RGAGX                             160.87 USD
2021-01-01 price ITOT                               73.12 USD
2021-01-01 price VEA                                68.26 USD
2021-01-01 price VHT                                96.60 USD
2021-01-01 price GLD                                98.28 USD
2021-01-08 price VBMPX                             211.74 USD
2021-01-08 price RGAGX                             156.79 USD
2021-01-08 price ITOT                               72.82 USD
2021-01-08 price VEA                                68.11 USD
2021-01-08 price VHT                                94.91 USD
2021-01-08 price GLD                               101.13 USD
2021-01-15 price VBMPX                             215.26 USD
2021-01-15 price RGAGX                             154.78 USD
2021-01-15 price ITOT                               73.30 USD
2021-01-15 price VEA                                68.34 USD
2021-01-15 price VHT                                95.58 USD
2021-01-15 price GLD                               103.06 USD
2021-01-22 price VBMPX                             210.82 USD
2021-01-22 price RGAGX                             157.54 USD
2021-01-22 price ITOT                               73.46 USD
2021-01-22 price VEA                                68.60 USD
2021-01-22 price VHT                                95.71 USD
2021-01-22 price GLD                               103.12 USD
2021-01-29 price VBMPX                             208.69 USD
2021-01-29 price RGAGX                             160.26 USD
2021-01-29 price ITOT                               73.30 USD
2021-01-29 price VEA                                67.78 USD
2021-01-29 price VHT                                96.54 USD
2021-01-29 price GLD                               103.47 USD
2021-02-05 price VBMPX                             207.17 USD
2021-02-05 price RGAGX                             160.92 USD
2021-02-05 price ITOT                               73.13 USD
2021-02-05 price VEA                                66.70 USD
2021-02-05 price VHT                                97.11 USD
2021-02-05 price GLD                               103.87 USD
2021-02-12 price VBMPX                             210.90 USD
2021-02-12 price RGAGX                             164.67 USD
2021-02-12 price ITOT                               72.83 USD
2021-02-12 price VEA                                66.03 USD
2021-02-12 price VHT                                97.39 USD
2021-02-12 price GLD                               103.22 USD
2021-02-19 price VBMPX                             206.52 USD
2021-02-19 price RGAGX                             164.98 USD
2021-02-19 price ITOT                               72.93 USD
2021-02-19 price VEA                                66.91 USD
2021-02-19 price VHT                                98.08 USD
2021-02-19 price GLD                               101.51 USD
2021-02-26 price VBMPX                             210.06 USD
2021-02-26 price RGAGX                             167.10 USD
2021-02-26 price ITOT                               73.63 USD
2021-02-26 price VEA                                67.59 USD
2021-02-26 price VHT                                97.79 USD
2021-02-26 price GLD                               103.48 USD
2021-03-05 price VBMPX                             211.18 USD
2021-03-05 price RGAGX                             167.22 USD
2021-03-05 price ITOT                               73.85 USD
2021-03-05 price VEA                                65.85 USD
2021-03-05 price VHT                                98.68 USD
2021-03-05 price GLD                               104.94 USD
2021-03-12 price VBMPX                             212.45 USD
2021-03-12 price RGAGX                             164.81 USD
2021-03-12 price ITOT                               74.17 USD
2021-03-12 price VEA                                67.03 USD
2021-03-12 price VHT                                99.57 USD
2021-03-12 price GLD                               104.82 USD
2021-03-19 price VBMPX                             215.86 USD
2021-03-19 price RGAGX                             166.88 USD
2021-03-19 price ITOT                               74.41 USD
2021-03-19 price VEA                                65.75 USD
2021-03-19 price VHT                               100.55 USD
2021-03-19 price GLD                               101.89 USD
2021-03-26 price VBMPX                             212.44 USD
2021-03-26 price RGAGX                             167.94 USD
2021-03-26 price ITOT                               74.91 USD
2021-03-26 price VEA                                65.87 USD
2021-03-26 price VHT                               101.76 USD
2021-03-26 price GLD                               100.36 USD
2021-04-02 price VBMPX                             211.58 USD
2021-04-02 price RGAGX                             165.45 USD
2021-04-02 price ITOT                               76.12 USD
2021-04-02 price VEA                                66.38 USD
2021-04-02 price VHT                               101.97 USD
2021-04-02 price GLD                               101.68 USD
2021-04-09 price VBMPX                             208.78 USD
2021-04-09 price RGAGX                             167.94 USD
2021-04-09 price ITOT                               76.42 USD
2021-04-09 price VEA                                66.98 USD
2021-04-09 price VHT                               100.91 USD
2021-04-09 price GLD                               103.85 USD
2021-04-16 price VBMPX                             203.31 USD
2021-04-16 price RGAGX                             168.62 USD
2021-04-16 price ITOT                               75.88 USD
2021-04-16 price VEA                                68.56 USD
2021-04-16 price VHT                               101.07 USD
2021-04-16 price GLD                               103.22 USD
2021-04-23 price VBMPX                             207.48 USD
2021-04-23 price RGAGX                             164.52 USD
2021-04-23 price ITOT                               75.40 USD
2021-04-23 price VEA                                69.68 USD
2021-04-23 price VHT                               100.87 USD
2021-04-23 price GLD                               102.60 USD
2021-04-30 price VBMPX                             210.83 USD
2021-04-30 price RGAGX                             164.27 USD
2021-04-30 price ITOT                               75.24 USD
2021-04-30 price VEA                                72.19 USD
2021-04-30 price VHT                               101.21 USD
2021-04-30 price GLD                               101.60 USD
2021-05-07 price VBMPX                             205.37 USD
2021-05-07 price RGAGX                             161.52 USD
2021-05-07 price ITOT                               75.39 USD
2021-05-07 price VEA                                70.80 USD
2021-05-07 price VHT                               102.29 USD
2021-05-07 price GLD                               102.53 USD
2021-05-14 price VBMPX                             206.37 USD
2021-05-14 price RGAGX                             163.53 USD
2021-05-14 price ITOT                               75.25 USD
2021-05-14 price VEA                                69.10 USD
2021-05-14 price VHT                               102.26 USD
2021-05-14 price GLD                               102.01 USD
2021-05-21 price VBMPX                             210.12 USD
2021-05-21 price RGAGX                             162.27 USD
2021-05-21 price ITOT                               74.89 USD
2021-05-21 price VEA                                71.54 USD
2021-05-21 price VHT                               102.00 USD
2021-05-21 price GLD                               103.51 USD
2021-05-28 price VBMPX                             208.24 USD
2021-05-28 price RGAGX                             162.05 USD
2021-05-28 price ITOT                               74.97 USD
2021-05-28 price VEA                                72.43 USD
2021-05-28 price VHT                               102.87 USD
2021-05-28 price GLD                               104.79 USD
2021-06-04 price VBMPX                             208.80 USD
2021-06-04 price RGAGX                             160.15 USD
2021-06-04 price ITOT                               75.17 USD
2021-06-04 price VEA                                73.13 USD
2021-06-04 price VHT                               103.18 USD
2021-06-04 price GLD                               105.57 USD
2021-06-11 price VBMPX                             206.62 USD
2021-06-11 price RGAGX                             161.49 USD
2021-06-11 price ITOT                               75.44 USD
2021-06-11 price VEA                                74.07 USD
2021-06-11 price VHT                               103.43 USD
2021-06-11 price GLD                               106.17 USD
2021-06-18 price VBMPX                             204.57 USD
2021-06-18 price RGAGX                             158.02 USD
2021-06-18 price ITOT                               75.91 USD
2021-06-18 price VEA                                71.49 USD
2021-06-18 price VHT                               103.72 USD
2021-06-18 price GLD                               104.53 USD
2021-06-25 price VBMPX                             199.61 USD
2021-06-25 price RGAGX                             157.74 USD
2021-06-25 price ITOT                               75.27 USD
2021-06-25 price VEA                                71.20 USD
2021-06-25 price VHT                               103.80 USD
2021-06-25 price GLD                               105.38 USD
2021-07-02 price VBMPX                             196.61 USD
2021-07-02 price RGAGX                             154.77 USD
2021-07-02 price ITOT                               75.45 USD
2021-07-02 price VEA                                70.12 USD
2021-07-02 price VHT                               104.08 USD
2021-07-02 price GLD                               105.01 USD
2021-07-09 price VBMPX                             195.85 USD
2021-07-09 price RGAGX                             158.92 USD
2021-07-09 price ITOT                               76.11 USD
2021-07-09 price VEA                                70.64 USD
2021-07-09 price VHT                               103.77 USD
2021-07-09 price GLD                               104.67 USD
2021-07-16 price VBMPX                             195.77 USD
2021-07-16 price RGAGX                             155.74 USD
2021-07-16 price ITOT                               76.38 USD
2021-07-16 price VEA                                71.89 USD
2021-07-16 price VHT                               104.36 USD
2021-07-16 price GLD                               107.06 USD
2021-07-23 price VBMPX                             199.84 USD
2021-07-23 price RGAGX                             157.49 USD
2021-07-23 price ITOT                               76.60 USD
2021-07-23 price VEA                                70.56 USD
2021-07-23 price VHT                               104.10 USD
2021-07-23 price GLD                               109.13 USD
2021-07-30 price VBMPX                             198.29 USD
2021-07-30 price RGAGX                             159.72 USD
2021-07-30 price ITOT                               76.43 USD
2021-07-30 price VEA                                69.49 USD
2021-07-30 price VHT                               104.80 USD
2021-07-30 price GLD                               109.58 USD
2021-08-06 price VBMPX                             198.35 USD
2021-08-06 price RGAGX                             158.06 USD
2021-08-06 price ITOT                               76.50 USD
2021-08-06 price VEA                                71.11 USD
2021-08-06 price VHT                               104.69 USD
2021-08-06 price GLD                               112.75 USD
2021-08-13 price VBMPX                             200.43 USD
2021-08-13 price RGAGX                             161.91 USD
2021-08-13 price ITOT                               76.33 USD
2021-08-13 price VEA                                71.44 USD
2021-08-13 price VHT                               104.51 USD
2021-08-13 price GLD                               112.55 USD
2021-08-20 price VBMPX                             203.03 USD
2021-08-20 price RGAGX                             161.27 USD
2021-08-20 price ITOT                               76.45 USD
2021-08-20 price VEA                                71.35 USD
2021-08-20 price VHT                               104.53 USD
2021-08-20 price GLD                               113.54 USD
2021-08-27 price VBMPX                             198.16 USD
2021-08-27 price RGAGX                             158.53 USD
2021-08-27 price ITOT                               76.41 USD
2021-08-27 price VEA                                72.46 USD
2021-08-27 price VHT                               104.94 USD
2021-08-27 price GLD                               111.58 USD
2021-09-03 price VBMPX                             197.80 USD
2021-09-03 price RGAGX                             162.33 USD
2021-09-03 price ITOT                               75.64 USD
2021-09-03 price VEA                                72.84 USD
2021-09-03 price VHT                               105.70 USD
2021-09-03 price GLD                               112.74 USD
2021-09-10 price VBMPX                             197.21 USD
2021-09-10 price RGAGX                             163.29 USD
2021-09-10 price ITOT                               76.28 USD
2021-09-10 price VEA                                73.20 USD
2021-09-10 price VHT                               106.89 USD
2021-09-10 price GLD                               111.63 USD
2021-09-17 price VBMPX                             196.19 USD
2021-09-17 price RGAGX                             164.16 USD
2021-09-17 price ITOT                               76.86 USD
2021-09-17 price VEA                                73.57 USD
2021-09-17 price VHT                               109.58 USD
2021-09-17 price GLD                               111.62 USD
2021-09-24 price VBMPX                             191.05 USD
2021-09-24 price RGAGX                             167.40 USD
2021-09-24 price ITOT                               77.22 USD
2021-09-24 price VEA                                73.27 USD
2021-09-24 price VHT                               109.98 USD
2021-09-24 price GLD                               112.15 USD
2021-10-01 price VBMPX                             193.39 USD
2021-10-01 price RGAGX                             167.61 USD
2021-10-01 price ITOT                               77.59 USD
2021-10-01 price VEA                                74.20 USD
2021-10-01 price VHT                               108.95 USD
2021-10-01 price GLD                               112.68 USD
2021-10-08 price VBMPX                             195.44 USD
2021-10-08 price RGAGX                             169.49 USD
2021-10-08 price ITOT                               78.09 USD
2021-10-08 price VEA                                74.98 USD
2021-10-08 price VHT                               108.98 USD
2021-10-08 price GLD                               116.48 USD
2021-10-15 price VBMPX                             195.25 USD
2021-10-15 price RGAGX                             166.75 USD
2021-10-15 price ITOT                               78.57 USD
2021-10-15 price VEA                                73.43 USD
2021-10-15 price VHT                               108.72 USD
2021-10-15 price GLD                               117.74 USD
2021-10-22 price VBMPX                             195.32 USD
2021-10-22 price RGAGX                             168.63 USD
2021-10-22 price ITOT                               78.71 USD
2021-10-22 price VEA                                74.34 USD
2021-10-22 price VHT                               109.31 USD
2021-10-22 price GLD                               118.06 USD
2021-10-29 price VBMPX                             195.23 USD
2021-10-29 price RGAGX                             165.12 USD
2021-10-29 price ITOT                               78.89 USD
2021-10-29 price VEA                                71.31 USD
2021-10-29 price VHT                               109.28 USD
2021-10-29 price GLD                               119.10 USD
2021-11-05 price VBMPX                             196.23 USD
2021-11-05 price RGAGX                             165.25 USD
2021-11-05 price ITOT                               78.19 USD
2021-11-05 price VEA                                70.03 USD
2021-11-05 price VHT                               111.43 USD
2021-11-05 price GLD                               117.30 USD
2021-11-12 price VBMPX                             202.71 USD
2021-11-12 price RGAGX                             161.96 USD
2021-11-12 price ITOT                               78.31 USD
2021-11-12 price VEA                                69.57 USD
2021-11-12 price VHT                               111.23 USD
2021-11-12 price GLD                               117.08 USD
2021-11-19 price VBMPX                             202.72 USD
2021-11-19 price RGAGX                             163.54 USD
2021-11-19 price ITOT                               79.01 USD
2021-11-19 price VEA                                70.25 USD
2021-11-19 price VHT                               111.99 USD
2021-11-19 price GLD                               119.38 USD
2021-11-26 price VBMPX                             202.68 USD
2021-11-26 price RGAGX                             161.63 USD
2021-11-26 price ITOT                               79.27 USD
2021-11-26 price VEA                                69.52 USD
2021-11-26 price VHT                               111.38 USD
2021-11-26 price GLD                               119.35 USD
2021-12-03 price VBMPX                             204.66 USD
2021-12-03 price RGAGX                             163.33 USD
2021-12-03 price ITOT                               79.82 USD
2021-12-03 price VEA                                70.64 USD
2021-12-03 price VHT                               110.69 USD
2021-12-03 price GLD                               120.34 USD
2021-12-10 price VBMPX                             212.81 USD
2021-12-10 price RGAGX                             163.30 USD
2021-12-10 price ITOT                               80.09 USD
2021-12-10 price VEA                                71.67 USD
2021-12-10 price VHT                               111.23 USD
2021-12-10 price GLD                               120.20 USD
2021-12-17 price VBMPX                             218.33 USD
2021-12-17 price RGAGX                             161.71 USD
2021-12-17 price ITOT                               79.19 USD
2021-12-17 price VEA                                72.95 USD
2021-12-17 price VHT                               110.80 USD
2021-12-17 price GLD                               119.44 USD
2021-12-24 price VBMPX                             215.34 USD
2021-12-24 price RGAGX                             163.87 USD
2021-12-24 price ITOT                               79.63 USD
2021-12-24 price VEA                                72.54 USD
2021-12-24 price VHT                               111.89 USD
2021-12-24 price GLD                               120.74 USD
2021-12-31 price VBMPX                             212.68 USD
2021-12-31 price RGAGX                             163.62 USD
2021-12-31 price ITOT                               80.07 USD
2021-12-31 price VEA                                68.52 USD
2021-12-31 price VHT                               111.10 USD
2021-12-31 price GLD                               120.26 USD
2022-01-07 price VBMPX                             214.35 USD
2022-01-07 price RGAGX                             164.32 USD
2022-01-07 price ITOT                               79.77 USD
2022-01-07 price VEA                                68.83 USD
2022-01-07 price VHT                               111.54 USD
2022-01-07 price GLD                               120.67 USD
2022-01-14 price VBMPX                             213.90 USD
2022-01-14 price RGAGX                             165.15 USD
2022-01-14 price ITOT                               79.89 USD
2022-01-14 price VEA                                67.39 USD
2022-01-14 price VHT                               111.08 USD
2022-01-14 price GLD                               121.53 USD
2022-01-21 price VBMPX                             213.46 USD
2022-01-21 price RGAGX                             167.25 USD
2022-01-21 price ITOT                               79.39 USD
2022-01-21 price VEA                                66.70 USD
2022-01-21 price VHT                               110.72 USD
2022-01-21 price GLD                               122.97 USD
